3308 5138
880 388 920 451 90

339 617 400 660 uon
438 598 526 660 esset.
582 594 751 658 Mommsen
788 593 947 659 audiamus
985 595 1035 680 ¹)·:
1082 594 1129 660 Da
1173 597 1250 662 nach
1292 593 1457 666 formellem

340 713 454 794 Recht,
489 713 539 779 die
561 713 743 801 geaetaliche
764 712 1082 801 Rathsversammlnng
1110 715 1347 798 unzweifelhalt‚
1383 717 1459 783 eben

208 803 231 846 ⁶
339 832 395 898 uie
418 832 471 897 das
490 832 665 920 gesetcliohe
685 831 825 913 Gericht,
849 855 909 898 nur
930 832 964 898 in
987 833 1038 898 der
1058 833 1265 915 Stadtselbst,
1278 835 1458 902 oderinner:

342 950 414 1016 halb
455 951 507 1016 der
536 939 690 1017 Boumeile
721 952 898 1018 stattfinden
927 951 1055 1030 konnte,
1085 975 1118 1019 ιο
1147 959 1259 1019 nannte
1293 954 1347 1020 der
1369 955 1459 1042 Sonat

313 1078 315 1082 ’
340 1093 400 1136 von
422 1069 620 1136 Thessalonik
644 1069 709 1135 sich
732 1070 781 1135 die
814 1069 1034 1151 Dreihundert,
1059 1071 1145 1136 nicht
1174 1072 1242 1138 weil
1265 1050 1303 1138 er
1318 1096 1371 1138 aua
1395 1077 1457 1140 300

339 1189 535 1278 Mitgliedern
563 1189 705 1272 hestaud,
736 1191 865 1256 condem
887 1191 955 1256 weil
980 1191 1045 1257 dies
1075 1191 1124 1257 die
1147 1193 1243 1258 uralte
1265 1192 1459 1258 Normalaahl

340 1309 393 1376 der
415 1308 576 1374 Senatoren
599 1307 691 1376 uar''.

382 1427 489 1494 Mirari
522 1451 584 1494 non
613 1433 731 1514 oportet
761 1427 925 1494 nonnullos
952 1428 1080 1513 quadam
1109 1427 1316 1494 sollicitudine
1345 1433 1457 1508 motos,

336 1548 438 1614 lutura
473 1546 573 1612 animo
602 1546 839 1631 haudquaquam
879 1546 1043 1631 tranquillo
1077 1547 1275 1633 prospexisse.
1321 1546 1459 1628 Quorum

336 1667 473 1733 omnium
496 1671 584 1752 potita
608 1665 758 1752 Appium,
782 1665 993 1751 proconsulem
1017 1664 1167 1746 Achaiae,
1185 1663 1372 1752 ¹exemplum
1393 1689 1459 1752 pro·

337 1786 404 1851 lert.
428 1786 507 1850 Eum
529 1787 590 1850 iam
609 1807 670 1850 uon
692 1785 807 1850 laetum
829 1783 914 1849 clade
937 1783 1057 1869 Illyrica
1081 1807 1098 1849 a
1123 1786 1250 1850 Caesare
1270 1792 1392 1871 accepta
1407 1809 1460 1872 per
1490 1789 1492 1793 ’

338 1904 492 1972 oraculum
521 1903 703 1991 Delphicum
731 1908 874 1968 eventum
896 1902 1067 1988 gravissimi
1085 1911 1185 1970 motus
1203 1905 1357 1991 explorare
1377 1905 1459 1990 cupi·

339 2025 419 2091 visse
434 2046 670 2111 responsumque
693 2022 861 2110 accepisse:
891 2021 990 2102 anihil
1009 2023 1047 2088 ad
1070 2028 1116 2105 te,
1139 2023 1290 2104 Romane,
1315 2024 1373 2088 hoc
1395 2022 1458 2089 bel-

337 2146 417 2211 lumc
459 2143 612 2210 lluhoeaev
636 2142 727 2209 Coela
769 2141 921 2208 obtinebis
929 2141 960 2223 ‚”
1003 2143 1093 2227 etiam
1127 2143 1266 2209 Valerius
1306 2143 1459 2210 Maximus

340 2268 522 2330 auctorest.

384 2381 474 2471 Apud
494 2381 653 2461 Orosium,
683 2380 811 2445 fideliter
834 2402 905 2445 cum
924 2381 1047 2446 Lucano
1070 2387 1298 2469 congruentem,
1329 2381 1458 2468 legimus

339 2525 398 2591 quo
426 2501 515 2566 modo
547 2501 666 2586 Appius
688 2499 834 2564 Claudius
858 2499 1021 2565 Oraculum
1046 2499 1227 2588 Delphicum
1250 2501 1348 2568 adeat.
1383 2501 1459 2567 Oro·

338 2624 401 2688 sius
424 2619 542 2690 oraculi¹
567 2617 690 2705 Pythici
721 2618 810 2682 fidem
840 2617 981 2684 abolitam
1004 2639 1069 2684 esse
1088 2619 1179 2701 dicit,
1215 2619 1298 2705 quod
1320 2620 1458 2686 Lucanus

338 2743 385 2807 his
407 2741 538 2806 indicat:
564 2737 740 2820 „oraculum
752 2737 832 2821 quod
844 2759 929 2824 reges
941 2744 1065 2804 vetuere
1076 2737 1195 2824 loqui.'’
1218 2740 1322 2804 Refert
1333 2739 1457 2805 Orosius

339 2867 370 2928 et
391 2866 490 2926 vatem
513 2856 550 2924 ab
566 2857 665 2944 Appio
677 2855 806 2920 Claudio
829 2855 964 2921 adactam
985 2879 1049 2924 csse
1066 2857 1099 2924 in
1120 2881 1243 2946 specum
1263 2858 1456 2937 descendere,

339 2986 429 3066 atque
452 2979 489 3044 de
507 2953 586 3044 bello
599 2975 767 3042 consulenti
788 2975 992 3060 respondisse:
1016 2977 1127 3059 „Nihil
1145 2978 1183 3043 ad
1200 2984 1231 3043 te
1249 2979 1307 3043 hoc
1323 2977 1458 3042 Romane

340 3097 432 3186 sqq.'’
468 3097 619 3165 Audimus
654 3095 756 3160 eadem
787 3095 896 3176 verba,
930 3118 1005 3180 quae
1024 3098 1168 3162 Lucanus
1199 3097 1295 3162 tribus
1322 3096 1457 3191 versibus

335 3214 571 3304 comprehendit.
594 3213 632 3278 In
655 3213 817 3299 praeterito
837 3212 926 3277 nobis
945 3213 1093 3300 attingere
1111 3214 1203 3294 libet,
1230 3213 1375 3279 Orosium
1396 3235 1457 3279 rem

227 3331 228 3335 ¹
339 3361 396 3403 acu
436 3357 498 3400 non
540 3331 696 3419 tetigisse,
737 3331 791 3397 ubi
825 3331 1007 3418 suspicetur,
1042 3333 1132 3398 fidem
1168 3333 1280 3398 oraculi
1314 3332 1457 3399 abolitam

338 3457 447 3535 fuisse,
472 3451 544 3539 quia
568 3457 747 3538 comtempta
764 3456 858 3517 esset:
883 3452 1004 3532 '‘Quare
1025 3451 1246 3537 —inquit—
1266 3458 1454 3539 contempta,

340 3575 399 3641 nisi
418 3573 490 3659 qnia
512 3572 560 3638 vel
583 3571 673 3651 falsa,
693 3570 742 3636 vel
762 3591 851 3649 vana,
878 3569 923 3634 vel
949 3568 1077 3635 dubial’'
1106 3570 1173 3636 Iam
1197 3592 1287 3657 supra
1312 3571 1456 3652 vidimus,

339 3681 492 3760 Neronem
528 3711 652 3755 causum
687 3689 778 3754 fuisse
813 3688 926 3754 oraculi
961 3687 1091 3770 silentii,
1126 3690 1179 3775 qui
1213 3691 1304 3755 deum
1340 3691 1456 3756 consuli

340 3812 496 3879 vetuisset.

337 3976 599 3994 -„,-—...-

373 4089 714 4166 1fficmffim

374 4183 394 4250 q
413 4179 436 4236 1.
456 4179 485 4248 a,
504 4176 548 4236 10.
