3296 5132
876 413 916 475 50

333 620 386 703 qui
416 621 492 684 forte
529 619 566 684 ab
600 619 778 704 imperatore
816 617 891 682 bello
927 618 1079 684 Cimbrico
1111 626 1217 707 captus
1241 632 1322 702 erat,
1346 629 1380 688 ut
1403 646 1454 708 ag·

332 739 417 803 novit
452 737 603 820 Marium,
634 759 743 822 magno
773 737 888 800 eiulatu
921 745 1110 822 expromente
1144 739 1382 824 indignationem
1417 740 1455 804 de

332 880 402 922 casu
436 857 515 922 tanti
535 857 609 937 viri,
629 856 744 920 abiecto
762 856 865 942 gladio
888 855 1060 942 profugite
1083 879 1220 938 carcere,
1246 881 1340 943 quum
1365 881 1455 924 senex

330 976 404 1040 haec
437 976 526 1052 verba
560 975 719 1042 edidisset:
767 975 843 1054 „Fas
877 975 950 1039 hacc
985 975 1159 1061 contingere
1200 1000 1261 1041 non
1303 985 1348 1043 est
1378 977 1460 1071 colla⁸

330 1093 478 1178 tibi”1),
515 1117 591 1180 quae
621 1094 657 1158 ab
692 1093 760 1158 aliis
790 1094 834 1157 ita
864 1092 1040 1158 traduntur:
1071 1100 1166 1173 „tunc
1200 1095 1292 1160 audes
1320 1095 1455 1160 occidere

331 1213 507 1279 Marium?”
544 1217 593 1300 (συ
622 1220 744 1297 τολμᾷς
775 1213 893 1278 urciani
928 1213 1017 1278 salica
1048 1213 1184 1294 Melpum
1220 1217 1299 1301 App.
1334 1213 1361 1280 I.
1398 1218 1453 1299 61)

330 1332 439 1418 Neque
461 1340 550 1420 poeta
573 1334 705 1400 Marium
725 1332 939 1418 praetermittit
966 1333 997 1396 in
1016 1332 1173 1418 parietinis
1195 1331 1386 1419 Carthaginis
1409 1357 1454 1399 se-

247 1522 252 1532 ,
332 1453 468 1518 dentem:
494 1453 624 1538 ppremit
648 1451 761 1516 cineres
783 1449 934 1517 Poenos.''

375 1572 473 1636 Versu
503 1573 569 1657 ipso
601 1571 763 1637 centesimo
792 1570 934 1635 Lucanus
964 1570 1101 1634 indicans
1127 1570 1244 1634 tristem
1266 1571 1358 1636 Marii
1381 1571 1453 1637 Oin-

330 1713 444 1776 naeque
467 1691 646 1770 introitum,
670 1713 747 1766 anno
774 1688 934 1755 DOLXVI
957 1688 996 1755 U.
1009 1689 1043 1754 C.
1070 1692 1108 1755 87
1134 1713 1161 1755 a.
1185 1688 1220 1755 C.
1244 1712 1275 1754 n.
1288 1690 1451 1758 exclamat:

330 1811 418 1897 „quis
441 1811 491 1876 ille
515 1811 574 1875 fuit
599 1810 663 1875 dies
687 1833 747 1895 quo
765 1807 882 1873 Marius
906 1809 1024 1873 moenia
1044 1809 1140 1873 victor
1158 1809 1339 1896 corripuit!’'
1360 1834 1451 1894 quam

327 1952 432 1994 vocem
457 1927 662 2016 ,scorripuit'’,
690 1928 820 2014 intelligi
843 1951 904 1991 non
927 1934 1044 2014 oportet
1066 1934 1100 1991 ut
1118 1929 1255 1993 nonnulli
1274 1930 1452 2017 interpretes

326 2048 485 2113 voluerunt
520 2071 572 2135 per
600 2045 769 2134 „diripuit”
776 2098 786 2127 ,
821 2047 904 2131 qood
927 2046 965 2110 ad
991 2043 1083 2110 Marii
1107 2046 1263 2112 avaritiam
1286 2056 1451 2134 spectaret,

328 2167 380 2231 sed
393 2190 445 2252 per
458 2167 568 2246 ,sceleri
581 2167 675 2252 gradu
687 2164 845 2231 intravit.”
866 2165 1001 2230 Velleius
1014 2164 1191 2230 Paterculus
1203 2165 1293 2246 enim,
1310 2167 1453 2232 caedibus

325 2287 542 2373 suppliciisque
564 2286 763 2366 enumeratis,
782 2285 873 2350 refert
886 2287 928 2370 ἢκ
957 2306 1074 2367 „neque
1099 2292 1200 2348 tamen
1226 2285 1385 2369 quisquam
1405 2287 1451 2351 in·

325 2408 521 2498 veniebatur,
557 2406 611 2490 qui
645 2405 724 2469 hona
758 2405 835 2468 civis
863 2403 992 2468 Romani
1016 2410 1071 2468 aut
1095 2405 1206 2468 donare
1231 2405 1371 2484 auderet,
1395 2419 1451 2470 aut

327 2534 426 2611 petere
456 2525 627 2591 sustineret.
673 2525 783 2589 Postea
805 2525 836 2588 id
861 2547 985 2610 quoque
1014 2524 1139 2588 accessit
1163 2529 1198 2588 ut
1221 2525 1362 2606 avaritia,
1387 2549 1450 2590 sae·

325 2646 417 2711 vitiae
440 2667 561 2710 causam
580 2641 771 2729 .praeberet'’.
817 2643 955 2708 Valerius
978 2644 1105 2708 Flaccus
1118 2646 1144 2728 ³)
1169 2645 1259 2708 etiarn
1281 2645 1449 2730 ''corripit''

326 2765 430 2829 codem
470 2787 562 2830 sensu
604 2785 665 2848 quc
706 2763 756 2827 hic
789 2761 932 2828 Lucanus
965 2765 1083 2828 utitur:
1129 2785 1281 2848 „aequora
1315 2764 1449 2850 Delphin

326 2884 483 2972 corripit.'’

370 3006 411 3070 Et
435 3006 539 3071 caedes
563 3003 890 3069 duorum-Crassorum
912 3010 1113 3082 memoratur,
1139 3003 1359 3068 trucidatorum
1372 3026 1398 3067 a.
1412 3002 1449 3068 Ο.

326 3125 431 3190 Flavio
465 3124 613 3204 Fimbria,
650 3124 703 3209 qui
736 3125 826 3188 ctiam
854 3124 945 3187 Marii
969 3124 1074 3188 sunere
1098 3122 1243 3188 celebrato
1266 3122 1449 3186 Pontificem

328 3245 498 3310 Maximum
541 3243 580 3324 Q.
615 3244 756 3309 Mucium
791 3243 963 3308 Scaevolam
997 3243 1030 3306 in
1059 3243 1130 3308 aede
1158 3241 1268 3306 Vestae
1298 3241 1450 3306 vulnerari

328 3366 428 3432 iussit.
463 3365 551 3430 Licet
572 3364 639 3430 Liv.
663 3364 746 3450 Epit.
767 3365 825 3442 80,
849 3363 975 3427 Crassus
987 3361 1068 3426 lilius
1080 3360 1117 3426 ab
1128 3361 1284 3446 equitibus
1296 3359 1449 3425 Fimbriae

330 3615 599 3624 ψ..-

318 3784 389 3858 Epit.
415 3785 457 3844 77.
482 3785 562 3842 sollte
584 3785 628 3842 ein
646 3783 746 3842 Gallier
767 3783 819 3841 deu
835 3785 938 3840 Marius
955 3776 1109 3850 'ermorden,
1128 3782 1196 3838 nach
1218 3781 1342 3838 Valerius
1363 3781 1451 3838 Maxi-

319 3889 377 3926 mus
396 3889 444 3926 een
463 3870 592 3927 Cimbrer:
611 3870 740 3927 Plutarch
758 3870 857 3926 erathlt
872 3869 975 3925 beides:
995 3870 1043 3924 wie
1056 3868 1123 3924 auch
1142 3868 1237 3924 Livius
1255 3868 1346 3926 beides
1365 3868 1451 3925 neben

320 3957 444 4014 einander
462 3957 570 4030 gestellt
587 3977 621 4013 au
638 3957 725 4014 haben
743 3958 853 4014 scheint.

356 4049 373 4111 Ι)
392 4044 462 4100 Vell.
483 4045 586 4101 Patere.
605 4045 644 4102 II.
664 4047 706 4100 19.

353 4131 374 4201 2)
394 4132 433 4187 ΙΙ.
453 4133 495 4187 22.
705 4171 707 4174 -

352 4218 375 4289 ³)
393 4219 540 4289 Argonaut.
560 4218 582 4276 Ι.
602 4218 662 4274 132.
