3308 5138
777 389 839 455 139

247 601 310 666 lore
331 604 433 679 ratus,
456 620 549 684 quum
572 596 697 663 Caesare
719 597 841 662 absente
867 595 975 662 bellum
1006 597 1094 662 civile
1123 603 1278 683 peractum
1300 620 1365 664 esse

247 719 407 807 significet.
440 719 513 784 Non
535 717 632 805 primo
656 724 780 804 aspectu
802 716 909 782 Caesar
924 714 1199 794 aLucauodouum
1211 715 1367 782 damnasse

248 839 378 920 dicitur,
409 860 508 923 neque
538 837 680 903 avertisse
704 835 821 918 oculos,
845 835 964 902 credere
986 858 1048 901 non
1069 857 1176 916 ausns3
1200 857 1293 922 quum
1316 859 1369 904 au·

248 965 309 1024 tem
343 980 398 1045 pro
431 964 511 1024 certo
546 957 653 1038 sciret,
687 956 720 1022 id
741 978 846 1021 verum
875 978 941 1022 esse
970 956 1021 1022 oui
1043 955 1176 1042 primum
1200 955 1289 1021 tidem
1316 956 1386 1030 vix,

250 1077 418 1159 habuisset,
449 1083 551 1143 tutum
582 1076 705 1165 putavit
732 1077 847 1143 bouum
876 1099 939 1142 esse
962 1098 1115 1157 socerum3
1146 1077 1284 1142 lacrimas
1306 1098 1367 1142 non

250 1216 303 1261 sua
347 1204 456 1284 sponte
498 1203 724 1284 prorumpentes
765 1197 873 1262 effudit
900 1203 931 1262 et
971 1197 1101 1284 gemitus
1137 1202 1256 1282 pectore
1292 1194 1369 1262 laeto

250 1317 405 1402 expressit.
479 1317 580 1404 Ipsam
644 1324 744 1383 autem
804 1317 938 1382 laetitiae
994 1315 1197 1403 suspicionem
1250 1315 1376 1382 evitans

250 1433 410 1520 exprobrat
442 1435 507 1522 regi
542 1436 624 1522 quod
657 1435 715 1502 sibi
747 1436 875 1502 facultas
909 1434 1080 1501 adversario
1103 1434 1244 1522 parcendi
1268 1442 1371 1522 erepta

251 1559 336 1652 esset.
395 1555 523 1621 Veniam
563 1561 666 1621 tamen
706 1556 798 1622 huius
838 1555 937 1621 caedis
980 1579 1014 1621 ea
1057 1555 1122 1642 lege
1163 1577 1195 1620 se
1235 1554 1374 1620 daturum

249 1694 314 1737 esse
353 1673 446 1754 dicit,
484 1680 520 1739 ut
560 1697 612 1741 rex
652 1677 746 1762 cupiti
776 1675 856 1741 iusta
890 1674 988 1740 solvat
1021 1681 1052 1739 et
1081 1674 1194 1740 cineres
1227 1674 1311 1740 fusos
1338 1675 1372 1740 in

251 1792 353 1858 littore
375 1793 506 1880 colligat.

295 1911 443 1994 Quamvis
476 1919 576 1982 astute
604 1922 635 1979 et
665 1914 771 1980 callide
792 1913 900 1980 Caesar
929 1921 1028 2001 partes
1050 1915 1184 2000 lugentis
1207 1918 1293 2000 agat,
1316 1937 1370 2001 po·

251 2031 337 2118 polus
359 2033 424 2098 cius
446 2033 573 2098 maerori
595 2034 685 2099 tidem
710 2057 771 2099 non
794 2033 902 2113 habet,·
932 2034 1072 2114 comitem
1094 2034 1184 2098 fletus
1206 2055 1267 2098 non
1289 2033 1372 2099 inve·

253 2151 315 2232 nit,
350 2152 428 2217 laete
461 2159 583 2239 pectora
616 2155 714 2219 fronte
745 2160 852 2240 tegunt
883 2159 914 2218 et
947 2150 1056 2218 hilares
1087 2154 1171 2218 nefas
1194 2160 1371 2234 cruentum,

162 2361 163 2364 Ἴ
253 2271 306 2336 ubi
328 2271 439 2336 Caesar
462 2271 563 2337 dolore
585 2271 726 2338 simulato
750 2273 851 2358 luget,
875 2277 1011 2359 spectare
1034 2272 1155 2339 audent.

298 2511 444 2577 Catonem
468 2511 550 2577 clade
573 2512 610 2577 ad
628 2511 803 2577 Pharsalum
826 2518 948 2598 accepta
970 2511 1114 2597 reliquias
1137 2513 1293 2600 copiarum
1317 2515 1377 2582 huc
1454 2531 1457 2536 '

254 2636 345 2716 atque
379 2631 451 2696 illuc
483 2653 600 2718 sparsas
629 2631 801 2718 collegisse,
836 2638 867 2696 et
899 2631 981 2718 apud
1003 2631 1203 2698 Plutarchum
1229 2635 1373 2720 legimuS,

255 2750 308 2834 qui
330 2750 433 2815 eodem
456 2749 522 2814 loco
545 2751 692 2815 Catonem
721 2772 752 2815 se
775 2750 935 2838 Corcyram
964 2751 1126 2816 contulisse
1154 2753 1240 2818 testis
1270 2741 1317 2818 est
1337 2759 1373 2842 1).

255 2870 330 2935 Inde
360 2869 393 2933 iu
424 2869 559 2934 Africam
588 2891 658 2936 eum
685 2869 838 2934 traiecisse
868 2876 997 2938 constat.
1044 2870 1122 2950 „Die
1151 2878 1254 2959 grosse
1279 2874 1376 2941 Maio·

254 2990 327 3054 ritas
354 2988 406 3054 der
436 2989 663 3076 Republilraner
685 3025 728 3040 -
753 2990 797 3054 ita
820 2989 926 3079 scribit
948 2989 1116 3054 Mommsen
1133 2993 1159 3074 ⁹)
1181 3027 1224 3042 -
1247 2993 1377 3060 wieder
1435 2996 1438 3003 ’

255 3109 454 3194 Pompeiauer
482 3108 599 3174 waudte
633 3108 699 3172 sich
733 3107 810 3172 nach
848 3108 970 3189 Africa,
1010 3130 1056 3172 wo
1092 3109 1180 3175 allein
1214 3097 1292 3176 noch
1326 3114 1373 3180 ein

255 3227 445 3292 ehrenbalter
473 3227 536 3292 und
566 3227 902 3314 versassungsmtissiger
931 3227 1050 3314 Kampf
1074 3251 1170 3316 gegen
1200 3230 1258 3295 den
1281 3230 1376 3299 Usus·

255 3321 484 3432 patormhglich
496 3345 588 3414 war'’.
611 3346 656 3412 Eo
669 3347 844 3413 convenisse
856 3348 1014 3414 Metellum
1034 3349 1220 3436 Scipionem,
1239 3350 1378 3419 Gnaeum

256 3466 439 3552 Sextumque
469 3466 647 3553 Pompeios,
680 3466 866 3550 Labienum,
901 3469 1079 3548 Afranium,
1113 3442 1267 3534 Petreium
1297 3472 1378 3558 apud

256 3584 449 3653 historiarum
483 3587 643 3673 scriptores
677 3588 822 3654 unanimo
855 3611 1002 3654 consensu
1040 3589 1214 3675 reperimus.
1267 3590 1378 3677 Neque

258 3703 354 3769 Gnaei
377 3704 516 3791 Pompeii
542 3705 617 3770 iram
648 3706 737 3770 caede
759 3707 854 3792 patris
877 3709 1040 3789 concitam,
1065 3731 1125 3794 qua
1155 3731 1297 3776 accensus
1320 3716 1378 3776 sta·

257 3826 313 3890 tim
334 3827 508 3910 Aegyptum
531 3825 656 3910 aggredi
676 3833 822 3918 cuperet,
842 3848 938 3913 neque
961 3828 1053 3894 funus
1080 3829 1112 3893 in
1135 3828 1238 3895 littore
1262 3835 1380 3918 Aegyp·
1446 3845 1448 3852 ’

243 4009 476 4024 1.-

288 4127 308 4195 ι)
328 4125 385 4180 oar.
404 4124 471 4178 alin.
491 4123 550 4178 av.

288 4211 309 4290 τ)
329 4211 362 4266 a.
382 4210 413 4266 e.
432 4209 486 4274 ur,
506 4211 567 4272 cac.
