3296 5132
893 369 933 430 16

348 577 476 642 Rufum.
521 573 670 642 Omnibus
692 579 792 640 autem
815 574 874 639 hoe
892 595 985 639 unum
1006 574 1192 661 propositum
1206 582 1285 642 erat=
1309 583 1469 663 tyrannum

349 695 483 760 invisum
505 695 651 760 occidere.
698 693 770 758 Non
793 693 893 757 minus
917 715 1006 777 quam
1029 693 1147 757 stimuli
1170 694 1288 760 inimici
1301 697 1470 762 communis

350 812 566 893 interficiendi,
590 811 715 878 consilia
738 834 858 898 quoque
882 812 964 877 varia
986 819 1079 877 erant.
1114 813 1181 877 Alii
1204 813 1327 879 domum
1348 837 1467 881 auream

347 932 506 998 incendere
518 932 550 996 in
562 932 662 997 animo
674 931 824 997 habebant
831 979 841 1009 ,
858 938 891 996 ut
903 930 1057 1017 splendida
1068 931 1119 996 illa
1135 932 1219 998 sedes
1232 939 1279 998 tot
1290 933 1468 1016 facinorum,

351 1074 387 1117 ex
417 1058 532 1118 structa
555 1050 657 1137 spoliis
681 1050 795 1115 civium
820 1051 924 1121 αὐτοῖς
949 1047 1075 1130 ἀνδράσι
1100 1049 1209 1136 periret
1217 1076 1226 1129 ;
1250 1050 1302 1115 alii
1326 1051 1357 1114 in
1381 1050 1468 1116 Circo

349 1172 498 1257 impetum
523 1171 556 1236 in
579 1177 737 1256 tyrannum
758 1170 854 1234 lacere
874 1168 1050 1255 cupiebant3
1083 1169 1134 1232 alii
1161 1168 1290 1252 denique
1320 1169 1351 1235 in
1382 1191 1469 1234 scena

350 1296 505 1356 canentem
527 1289 650 1375 aggredi
670 1287 818 1354 volebant.
863 1287 994 1352 Tandem
1017 1287 1081 1352 dies
1104 1287 1294 1353 Circensium
1316 1287 1466 1368 ludorum,

349 1409 403 1494 qui
425 1407 526 1476 (lereti
549 1408 764 1487 celebrabatur,
790 1407 873 1472 caedi
893 1405 1078 1471 constitutus
1095 1413 1150 1474 est.
1175 1406 1321 1471 Scaevino
1338 1406 1468 1471 officium

348 1525 562 1613 perpetrandae
593 1509 700 1592 caedis¹
724 1525 898 1591 mandatum
929 1533 1001 1591 erat.
1041 1524 1086 1589 Ut
1116 1527 1148 1590 in
1170 1525 1258 1591 rebus
1281 1526 1383 1612 magni
1406 1548 1468 1590 mo·

348 1647 445 1711 menti
476 1647 540 1712 lieri
570 1645 661 1725 solet,
696 1645 757 1711 levi
792 1645 828 1709 de
858 1667 946 1710 causa
975 1667 1020 1710 res
1047 1667 1187 1710 successu
1212 1667 1309 1710 carere
1332 1644 1467 1726 debebat.

346 1763 509 1834 Scaevinus
528 1764 669 1830 maiorem
690 1785 779 1848 quam
791 1785 845 1850 par
862 1770 925 1828 erat
944 1763 1032 1828 fidem
1050 1763 1157 1828 liberto
1174 1761 1304 1828 Milicho
1321 1761 1467 1841 habebat,

347 1907 364 1948 a
391 1907 451 1969 quo
478 1883 642 1970 pugionem
670 1904 742 1948 saxo
769 1882 899 1968 asperari
926 1887 956 1946 et
982 1883 1015 1946 in
1042 1903 1215 1946 mucronem
1240 1881 1390 1946 ardescere
1413 1903 1464 1945 cu·

347 2001 443 2068 rabat.
489 2001 551 2068 Hic
578 2002 641 2067 sive
668 2001 805 2096 conscius
831 2000 892 2066 iam
918 2005 1002 2080 ante,
1029 2001 1092 2065 sive
1117 2001 1236 2067 nescius
1259 2007 1290 2065 et
1313 2007 1386 2067 tunc
1408 2001 1467 2086 pri·

346 2143 427 2185 mum
444 2121 615 2207 suspicione
631 2127 747 2207 arrepta
763 2119 843 2206 apud
859 2142 890 2184 se
905 2142 1013 2206 magna
1028 2126 1171 2206 reputans
1186 2118 1370 2206 proditionis
1387 2142 1466 2184 com·

346 2239 452 2320 moda,
473 2262 593 2305 uxorem
615 2241 777 2305 adhibebat
795 2239 876 2304 illius
894 2239 1046 2326 praecepti
1064 2239 1238 2318 immemor,
1252 2238 1317 2325 plus
1330 2229 1465 2324 oportere

348 2359 423 2424 scire
443 2380 562 2423 servum
583 2381 672 2444 quam
691 2357 788 2442 loqui.
823 2356 909 2438 Quae
928 2355 1131 2442 sequebantur
1146 2357 1234 2422 facile
1254 2356 1463 2443 intelligimus:

347 2485 383 2543 ut
405 2478 517 2544 femina
540 2477 657 2564 saepius
681 2477 753 2542 olim
784 2479 881 2550 acala
905 2477 1037 2554 balaeus
1062 2499 1093 2542 se
1116 2475 1254 2563 praebuit
1276 2483 1307 2541 et
1329 2498 1415 2562 saepe
1434 2498 1465 2540 se

348 2596 516 2684 praebebit,
544 2599 588 2661 sic
615 2597 707 2662 etiam
734 2597 860 2662 Milicho
866 2623 875 2676 3
899 2596 1056 2662 consilium
1076 2595 1179 2660 uxoris
1202 2595 1385 2682 proditorem
1406 2619 1465 2661 ma·

349 2717 435 2802 gistri
467 2739 534 2782 eum
565 2716 717 2783 reddebat.
769 2715 853 2780 Nero
870 2697 978 2780 'totius
1009 2715 1052 2781 rei
1081 2737 1134 2803 per
1165 2715 1328 2780 delatorem
1358 2717 1466 2780 certior

349 2838 450 2902 factus
479 2835 570 2901 acciri
593 2835 773 2901 Scaevinum
797 2834 883 2899 iussit
891 2862 900 2916 ς
929 2835 954 2898 is
982 2857 1119 2921 magnam
1147 2833 1241 2898 animi
1267 2834 1464 2898 constantiam

351 2954 442 3018 dictis
454 2953 598 3020 adiiciens
605 2954 726 3034 omnia,
747 2975 823 3039 quae
834 2952 867 3017 in
885 2972 916 3018 se
933 2953 1031 3018 delata
1043 2961 1151 3034 essent,
1171 2952 1320 3038 explicare
1331 2959 1464 3032 conatus,

326 3147 328 3152 .
351 3073 430 3138 ultro
449 3073 569 3138 incusat
586 3071 728 3138 libertum
747 3072 840 3158 idque
859 3079 943 3137 tanta
962 3071 1043 3136 vocis
1062 3079 1152 3157 atque
1168 3071 1269 3136 vultus
1288 3071 1466 3152 securitate,

350 3199 388 3286 ut
412 3193 547 3278 proiecto
574 3193 602 3257 ei
629 3189 778 3256 creditum
805 3198 900 3269 esset,
927 3191 987 3256 nisi
1009 3213 1084 3256 uxor
1107 3190 1228 3256 Milichi
1250 3190 1348 3254 multa
1370 3199 1400 3256 et
1422 3213 1466 3256 se·
1493 3183 1498 3191 ’

351 3316 432 3376 creta
453 3312 518 3378 eius
530 3311 679 3397 colloquia
691 3334 760 3377 cum
777 3310 899 3393 Natali,
914 3311 968 3396 qui
988 3334 1024 3376 ex
1042 3311 1159 3375 intimis
1181 3309 1301 3375 Pisonis
1321 3318 1399 3390 erat,
1421 3309 1466 3373 in·

319 3418 321 3423 ³
351 3436 488 3502 dicasset.
533 3432 667 3498 Tandem
693 3432 778 3496 Nero
801 3431 924 3496 nomina
947 3431 1170 3496 coniuratorum
1191 3429 1354 3517 cognovit:
1376 3429 1465 3509 Piso,

351 3555 478 3635 Seneca,
512 3553 653 3619 Lucanus
686 3573 789 3616 omnes
826 3551 938 3636 reliqui
972 3551 1086 3638 proditi
1116 3557 1197 3618 sunt.
1255 3551 1396 3616 Senecam
1423 3569 1468 3612 re·

350 3679 420 3740 sara
446 3672 662 3739 coniurationis
685 3671 861 3759 participem
885 3671 978 3736 fuisse
1000 3693 1061 3736 non
1084 3674 1217 3736 constat:
1239 3669 1362 3736 Tacitus
1385 3669 1466 3734 enim

324 3775 325 3778 Ἴ
352 3793 523 3881 suspicatur
543 3795 566 3878 ¹)
592 3791 723 3858 indicem
746 3813 816 3856 eum
840 3791 1025 3872 nominasse,
1048 3795 1084 3854 ut
1106 3787 1163 3854 sibi
1184 3787 1317 3855 Neronia
1339 3787 1467 3877 gratiam

352 4025 585 4038 ισ-α-ι-ι--αι-ι-

385 4164 406 4236 ¹)
424 4164 485 4223 Tac.
504 4163 563 4223 XV.
583 4166 625 4222 56.
