3308 5138
755 360 814 422 lbl

219 567 364 652 coepisse.
401 566 542 642 Achillas
557 572 660 651 postea
688 565 865 630 interfectus
888 587 952 630 esse
979 588 1032 652 per
1050 565 1223 632 eunuchum
1239 566 1340 652 Gany·

218 687 325 751 medon
349 686 380 750 in
404 685 479 750 libro
503 685 539 750 dc
556 684 642 750 Bello
655 680 860 750 Alexandrino
872 690 1011 750 narratur
1018 735 1028 765 ,
1052 707 1147 771 quum
1158 684 1343 765 Pothinum,

220 805 277 891 qui
319 828 382 870 sesa
428 803 563 890 partibus
609 802 744 868 Caesaris
794 803 962 869 studiosum
1007 803 1177 886 simularet,
1220 805 1272 872 sed
1306 805 1344 870 ad

218 923 372 989 Achillam
419 923 544 988 nuntios
584 922 716 988 mitteret
754 945 883 1008 eumque
913 923 1119 989 cohortaretur
1154 946 1191 988 nc
1224 922 1346 1010 negotio

219 1044 395 1122 desisteret,
419 1065 493 1107 neve
517 1040 616 1106 animo
640 1041 795 1122 deficeret,
819 1041 962 1108 indicatis
984 1037 1237 1129 deprehensisque
1254 1042 1345 1108 iuter·

218 1164 337 1228 nuntiis
370 1185 388 1226 a
417 1161 541 1228 Caesare
575 1161 765 1227 interfectum
805 1184 886 1243 esse,
920 1162 986 1250 ipse
1021 1162 1052 1228 in
1085 1161 1158 1227 libri
1192 1161 1228 1226 de
1262 1161 1346 1228 Bello

218 1281 315 1348 Civili
340 1284 398 1348 fine
421 1282 530 1348 tradat.

250 1400 419 1466 Caesarem
444 1401 494 1466 vix
512 1400 643 1488 periculo
667 1421 704 1467 ex
725 1401 861 1467 tumultu
872 1407 938 1466 orto
949 1401 1080 1467 evasisse
1087 1450 1097 1482 ,
1122 1400 1201 1467 inter
1213 1400 1345 1486 reliquos

220 1525 360 1586 auctores
396 1527 526 1603 constat,
562 1520 726 1607 eodemque
757 1521 847 1587 modo
882 1544 942 1607 quo
969 1521 1124 1603 Lucanus,
1158 1543 1260 1587 omnes
1288 1520 1346 1586 hoc

219 1639 364 1705 referunt.
400 1639 524 1704 Orosius
556 1640 686 1706 fideliter
716 1640 805 1705 etiam
836 1663 905 1706 cum
936 1639 1035 1706 Dione
1059 1641 1216 1728 congruit,
1241 1641 1345 1729 fugam

220 1759 347 1845 periculi
370 1760 488 1847 plenam
506 1761 609 1826 fuisse.
652 1760 776 1825 Livium
798 1759 849 1826 hic
872 1783 991 1846 quoque
1013 1759 1177 1826 Plutarcho
1192 1741 1344 1826 materiam

220 1880 395 1966 praebuisse
435 1879 629 1967 improbabile
664 1904 725 1946 non
764 1886 825 1961 est,
857 1880 1101 1966 quandoquidem
1132 1903 1202 1946 cum
1237 1879 1345 1946 Orosio

221 1999 406 2064 Plutarchus
438 1999 561 2068 omnino
590 2000 749 2066 consentit.
795 2001 947 2082 Quoniam
977 1999 1110 2066 vidimus
1141 2023 1217 2087 quae
1240 2001 1345 2067 Livius

221 2119 345 2205 scripsit
375 2119 525 2185 derebus
548 2143 565 2184 a
587 2118 711 2184 Lucano
734 2119 766 2185 in
789 2118 943 2184 Pharsalia
961 2119 1095 2200 traditis,
1119 2125 1150 2184 ct
1173 2119 1244 2205 quia
1266 2143 1346 2186 com·

222 2239 398 2326 paravimus
421 2263 472 2319 ea,
498 2263 574 2324 quae
597 2240 662 2304 sive
684 2261 736 2326 per
760 2237 878 2305 sedulos
899 2243 1059 2304 sectatores
1078 2243 1168 2324 atquc
1181 2237 1347 2305 imitatores

221 2359 303 2441 eius,
328 2360 390 2426 sive
413 2383 466 2446 per
485 2359 692 2446 compilatores
712 2357 854 2424 Orosium
868 2363 898 2423 ct
909 2357 1033 2422 Illorum
1045 2364 1172 2423 aetatem
1193 2359 1346 2438 tulerunt,

221 2501 294 2544 cum
311 2479 349 2543 iis
367 2501 442 2563 quae
458 2479 598 2544 Lucanus
621 2477 781 2544 memoriae
803 2477 956 2566 prodidit,
979 2499 1067 2544 nemo
1085 2477 1173 2543 nobis
1185 2499 1247 2544 non
1258 2477 1347 2544 facile

221 2600 385 2680 concedet,
410 2599 519 2664 mirum
537 2599 569 2664 in
590 2599 712 2665 modum
736 2597 895 2665 Lucanum
918 2619 987 2665 cum
1009 2597 1098 2664 Livio
1122 2597 1170 2664 vel
1192 2620 1261 2662 cum
1284 2597 1348 2663 dos·
1383 2677 1385 2682 A

221 2719 407 2806 criptoribus
437 2719 500 2784 cius
530 2741 702 2806 congruere.
736 2717 820 2784 vNon
850 2719 980 2784 nimium
999 2718 1099 2784 audax
1118 2718 1213 2805 igitur
1232 2717 1347 2783 coniec-

222 2841 292 2920 tura
304 2837 474 2918 videbitur,
499 2860 588 2923 quam
602 2837 721 2924 saepius
733 2838 793 2903 iam
805 2839 1000 2924 protulimus,
1020 2838 1175 2904 Lucanum
1187 2860 1240 2924 per
1249 2842 1347 2902 totum

224 2967 331 3046 poema
366 2958 457 3023 Livio
498 2964 621 3025 auctore
663 2981 752 3024 usum
789 2981 871 3038 esse,
906 2958 978 3023 licet
1011 2959 1076 3024 fieri
1101 2957 1216 3045 possit,
1238 2946 1348 3042 'quem-

225 3079 386 3145 admodum
414 3103 645 3168 'nonnumquam
673 3077 891 3158 indicavimus,
927 3083 962 3143 ut
990 3075 1081 3142 etiam
1104 3075 1152 3141 his
1175 3081 1265 3161 atque
1284 3073 1349 3139 illic
1431 3119 1434 3124 -
1501 3082 1502 3086 ’

226 3198 359 3264 Caesaris
378 3197 614 3265 Commentarios
633 3199 806 3286 inspexerit.
839 3197 917 3278 Sed,
936 3195 1052 3262 utiam
1077 3195 1243 3262 identidem
1266 3194 1348 3260 dicta

225 3327 371 3406 repetam,
405 3319 656 3385 verisimillimum
689 3326 782 3405 puto,
824 3319 878 3384 has
909 3339 1029 3402 quoque
1057 3321 1157 3404 partos
1189 3337 1226 3380 ex
1259 3313 1347 3378 Livio

226 3439 347 3505 haustas
366 3462 458 3519 essse,
480 3439 532 3524 qui
552 3437 585 3503 in
599 3437 735 3504 historiis
748 3436 961 3524 componendis
972 3435 1106 3502 Caesaris
1118 3433 1347 3501 Commentariis

226 3559 291 3626 sine
312 3557 405 3626 dnbio
430 3581 504 3625 usus
528 3564 583 3625 est.

271 3679 340 3744 Hoo
362 3687 482 3746 tantum
504 3678 593 3744 nobis
616 3678 713 3744 denuo
737 3677 932 3744 indicandum
953 3681 1012 3742 est:
1034 3698 1070 3741 ex
1089 3673 1227 3760 reliquiis
1246 3672 1347 3741 Livia·

227 3799 293 3882 nis,
324 3823 360 3864 ex
383 3799 507 3879 Orosio,
538 3821 575 3865 ex
597 3797 712 3879 Dione,
736 3821 773 3864 ex
794 3798 884 3864 Floro
906 3796 990 3862 nullo
1014 3795 1103 3862 modo
1127 3795 1228 3882 colligi
1249 3798 1349 3881 potest

228 3940 288 4004 quo
311 3919 375 3984 iure
398 3919 507 3984 Livius
530 3917 567 3983 ab
588 3919 728 4006 Augusto
750 3917 954 4003 Pompeianus
978 3921 1102 3980 vocatus
1123 3915 1173 3981 sit.
1218 3911 1347 3978 Minimo

228 4038 322 4124 igitur
339 4040 397 4104 hoc
413 4037 626 4126 negligendum
649 4044 739 4124 puto,
763 4060 832 4102 eum
857 4036 949 4102 adeo
975 4035 1111 4124 principe
1129 4033 1349 4122 Pompeianum

230 4157 409 4245 appellatum
434 4180 514 4238 esse,
533 4157 587 4241 qui
606 4157 718 4244 pictate
737 4158 866 4239 ductus,
885 4162 964 4224 certe
983 4179 1045 4222 non
1065 4155 1102 4222 ab
1114 4155 1252 4222 omniira
1264 4161 1355 4240 atque
