3308 5138
839 401 899 461 112

307 614 380 676 erat.
425 606 527 672 Etiam
548 605 730 672 Plutarchus
743 607 767 691 l)
793 627 862 670 eum
884 610 1145 687 Φννομοιχοῦντοο
1170 616 1269 676 vocat.
1313 610 1426 696 Appia·

312 749 370 792 nus
399 726 503 791 eadem
534 747 589 790 nos
619 725 706 791 docet
727 727 771 810 ⁹):
807 720 976 804 κοιμνᾶντες
1013 723 1089 802 daos
1121 731 1162 810 τῷ
1190 729 1333 810 πολέμῳ,
1370 730 1426 803 τὴν

311 846 406 926 κρίσιν
440 844 621 926 τοοχντέοοον
658 847 782 924 μᾶλλον
807 843 823 920 ἢ
848 843 1024 926 τρέπονσοον
1048 847 1239 927 ἐπειγόμενοι
1264 848 1406 927 γενέσθαι
1415 898 1425 927 ,

311 964 428 1038 πάντες
463 963 623 1046 ἐξώτρυνον
661 965 754 1030 adria
783 965 825 1037 εἷς
859 966 914 1040 τὴν
943 967 1073 1049 μοίχνν,
1108 968 1345 1040 ἐπιδεικνύοντες
1377 968 1424 1032 oiri

294 1087 365 1151 Ιτὸν
387 1085 532 1168 ΚοιΙσοοροο
562 1084 808 1167 παρατάττοντά
843 1111 878 1152 τε
911 1087 963 1153 ast
987 1088 1428 1169 τροκοιλούμενον......;ἕν-

312 1205 501 1287 οχλούμενος
526 1206 557 1271 δὲ
579 1205 638 1272 ὑπό
659 1229 694 1270 τε
717 1209 771 1270 τοῦ
784 1211 916 1288 στροοτοῦ
929 1208 1045 1280 παντὸς
1059 1207 1225 1290 ἐνημμένον
1237 1216 1301 1281 τοῖς
1313 1207 1380 1289 περὶ
1393 1207 1427 1271 τὸ

315 1325 488 1408 Δνρροὶχιον
511 1327 651 1409 ἀμέτρως
763 1325 871 1404 ἐξέστη
895 1331 954 1392 τῶν
973 1327 1086 1392 οἰκείων
1109 1333 1267 1407 λογισμῶν
1290 1327 1342 1392 aci
1368 1327 1430 1392 ἕνέ-

314 1449 406 1516 δοκεν
430 1449 547 1520 adroic.
591 1447 764 1513 Ciceronem
788 1452 889 1512 autem
914 1453 1092 1513 cunctorum
1116 1447 1250 1533 querelas
1277 1447 1316 1512 sd
1341 1447 1430 1512 Pom·-

315 1569 418 1658 peinm
449 1567 606 1654 pertulisse
629 1589 697 1632 cum
721 1567 780 1631 fide
801 1566 946 1633 historica
969 1589 1133 1654 congruere
1157 1567 1278 1633 minime
1301 1565 1430 1632 videtur.

354 1687 532 1775 Pompeium
556 1708 652 1752 moras
673 1687 812 1754 nexuisse
834 1709 930 1771 neque
952 1687 1040 1753 valde
1063 1687 1206 1774 cupidam
1222 1685 1431 1772 fuisseproelii

316 1807 525 1872 committendi
549 1805 654 1872 Florus
685 1827 754 1871 cum
775 1805 898 1872 Lucano
922 1829 1089 1893 congruens
1113 1807 1238 1872 affirmat
1244 1834 1253 1887 ;
1276 1827 1373 1891 neque
1395 1804 1433 1870 ab

260 1950 265 1960 ·
316 1926 456 2013 Appiano
488 1927 646 2014 discrepat.
691 1924 819 1991 Constat
845 1948 912 1990 eum
939 1925 1051 1991 milites
1070 1926 1243 1992 adhortatos
1261 1949 1323 1992 essa
1346 1933 1377 1991 et
1395 1925 1433 1991 ad

316 2046 466 2132 proelium
505 2045 664 2126 incitasse,
706 2067 833 2131 quorum
867 2045 1031 2111 sententias
1064 2045 1238 2112 Ciceronem
1274 2044 1433 2133 protulisse

315 2164 457 2231 Lucanus
491 2165 580 2230 finxit
613 2165 768 2252 libertate
785 2165 882 2252 po'c‘tis
913 2185 1052 2230 concessa
1083 2164 1201 2232 abusus.
1247 2163 1351 2230 Cicero
1374 2170 1434 2229 tra·

318 2283 400 2360 ditur
425 2306 461 2349 eo
483 2289 632 2371 tempore,
662 2305 723 2368 qno
746 2283 785 2349 ad
807 2283 982 2349 Pharsalum
1000 2289 1169 2370 pugnatum
1193 2288 1253 2364 est,
1277 2283 1308 2347 in
1332 2282 1434 2348 Sicilia

316 2425 404 2490 aeger
437 2403 530 2468 fuisse
562 2401 665 2487 ibique
698 2403 846 2490 accepisse
879 2403 995 2470 litteras
1027 2427 1044 2468 a
1079 2403 1192 2468 victore
1223 2403 1365 2483 Caesare,
1399 2407 1435 2466 ut

315 2521 396 2588 bono
430 2529 507 2586 esset
539 2521 649 2588 animo.
694 2522 744 2586 Sic
767 2545 785 2586 a
808 2522 975 2588 Scholiasta
1005 2523 1198 2604 doceremur,
1222 2521 1249 2586 si
1269 2522 1298 2587 ei
1317 2520 1436 2587 credere

319 2641 478 2722 vellemus,
526 2641 578 2727 qui
626 2641 711 2708 addit
752 2641 877 2709 Livium
910 2644 968 2709 hoc
1001 2642 1177 2724 tradidisse,
1221 2640 1302 2728 quod
1335 2647 1437 2706 autem
1505 2712 1507 2715 .

321 2760 480 2826 manifesto
515 2783 612 2826 errore
647 2761 746 2827 refert.
792 2761 831 2826 In
863 2761 944 2826 Livii
979 2762 1059 2826 enim
1095 2761 1240 2827 Periocha
1267 2759 1342 2827 CXI
1364 2760 1437 2847 legi·

319 2903 396 2946 mus:
427 2879 551 2962 ''Cicero
586 2881 617 2945 in
651 2879 756 2946 castris
785 2881 943 2962 remansit,
977 2882 1024 2946 vir
1052 2881 1128 2947 nihil
1150 2881 1250 2947 minus
1278 2902 1370 2967 quam
1399 2879 1438 2944 ad

318 2999 394 3068 bella
424 2998 544 3066 natus.”
589 2999 659 3086 Ipse
691 2998 796 3065 Cicero
830 2999 916 3065 testis
950 3007 1004 3064 est
1018 3021 1049 3064 se
1071 2999 1146 3064 aciei
1168 2999 1357 3068 Pharsalioae
1376 3024 1439 3068 non

320 3119 500 3186 interfuisse.
519 3121 545 3205 ὃ)
590 3119 637 3184 lla
666 3120 786 3200 castris,
816 3119 837 3186 i.
858 3140 885 3184 e.
915 3118 1121 3205 Dyrrhachio,
1158 3118 1210 3184 ubi
1239 3142 1308 3185 eum
1331 3121 1438 3188 Livius

321 3240 465 3307 mansisse
512 3244 628 3320 narrat,
672 3237 830 3306 nonnullas
870 3237 985 3303 litteras
1030 3237 1164 3324 scripsit,
1211 3261 1289 3325 quae
1331 3239 1440 3306 docent

323 3383 393 3426 eum
426 3382 497 3426 oum
533 3358 677 3446 Pompeio
717 3365 785 3446 post
826 3357 941 3424 cladem
974 3357 1107 3462 Caesaris
1147 3358 1185 3424 ad
1219 3359 1441 3446 Dyrrhachium

321 3502 383 3545 non
416 3477 585 3566 protectum
613 3501 685 3545 esse.
710 3476 832 3563 (Confer
860 3476 924 3542 Cic.
960 3476 997 3542 de
1030 3476 1140 3544 Divin.
1166 3476 1202 3542 II
1233 3481 1297 3564 55).
1342 3477 1442 3544 Verba

321 3597 500 3667 Plutarchi:
553 3598 590 3665 δι’
631 3596 801 3681 οὶρρονστίοιν
843 3599 875 3662 οὐ
916 3596 1057 3677 μετέσχε
1097 3607 1152 3672 τῆς
1189 3596 1301 3678 μοέχνμ
1333 3599 1361 3684 ⁴)
1403 3599 1443 3664 iis

316 3820 584 3833 ——a——-

355 3950 377 4020 ¹)
396 3946 489 4020 Pomp.
511 3945 553 4006 67.
625 4015 628 4020 1

356 4032 376 4099 ²)
397 4033 428 4089 B.
448 4032 477 4088 C.
496 4031 537 4089 ΙΙ.
556 4031 598 4092 67.

355 4118 382 4278 ³2)
394 4118 450 4262 (ἒὶοὲ
466 4116 511 4261 Aa}
528 4117 590 4175 tam.
609 4116 658 4175 IX.
678 4118 724 4175 18:
747 4117 796 4185 ,In
816 4118 871 4176 acie
889 4117 1042 4177 Pharsalica
1058 4139 1111 4178 non
1128 4118 1202 4178 iui.''.
