3296 5132
844 394 944 460 ,76

356 604 471 670 minore
506 623 577 668 eura
611 605 704 685 atque
734 599 895 687 diligentia
921 599 1125 680 tractavisset,
1146 621 1236 685 quam
1263 600 1361 668 facero
1383 603 1476 668 solet?

353 721 423 810 Ipse
453 722 515 788 Dio
550 717 691 802 Cassius,
724 719 780 805 qui
809 720 866 785 hac
897 721 931 785 in
961 742 993 785 re
1015 720 1137 786 Livium
1161 728 1283 786 secutus
1306 729 1370 802 est,
1393 725 1478 788 nobis

225 859 228 866 '
356 841 443 908 testis
470 848 531 924 est,
556 842 637 927 apud
660 841 783 906 Liuium
805 839 881 905 olim
903 839 1017 906 bellum
1039 839 1241 927 Hispaniense
1263 843 1337 907 satis
1359 843 1477 930 copiose

355 968 448 1048 atque
476 960 636 1048 diligenter
659 959 842 1046 descriptum
865 978 940 1024 esse.

401 1079 461 1146 Ubi
479 1079 540 1145 Dio
564 1103 581 1145 a
604 1079 729 1145 Caesare
755 1077 922 1163 discrepat,
947 1097 1064 1164 semper
1086 1076 1217 1164 aliquid,
1242 1079 1323 1163 quod
1345 1079 1476 1145 Caesaris

355 1201 451 1267 famae
484 1203 591 1279 nocet,
625 1198 727 1264 tradit.
775 1196 883 1262 Caesar
912 1201 1014 1261 narrat
1037 1197 1082 1280 1),
1118 1196 1265 1263 Plancum
1295 1198 1403 1286 impari
1426 1221 1476 1262 nu·

356 1341 437 1385 mero
472 1341 664 1406 congressum
699 1325 823 1404 magnos
857 1315 989 1403 impetus
1023 1315 1116 1381 trium
1151 1316 1268 1382 Afranii
1302 1324 1333 1383 et
1367 1317 1477 1382 Petreii

354 1436 510 1525 legionum
532 1436 745 1522 equitatusque
769 1433 961 1501 sustinuisse.
1006 1434 1069 1500 Dio
1094 1442 1198 1500 contra
1221 1435 1311 1500 refert
1335 1438 1380 1524 ⁹),
1404 1437 1477 1502 mul·

357 1561 405 1623 tos
427 1555 621 1623 Caesarianos
644 1556 704 1621 hoc
727 1553 839 1642 proelio
863 1553 1016 1620 cecidisse.

400 1677 492 1742 Plura
527 1674 663 1742 eiusdem
682 1673 800 1761 generis
823 1672 1006 1738 documento
1029 1677 1100 1738 suut
1123 1672 1167 1756 ³),
1192 1672 1322 1738 Dionem
1344 1674 1479 1740 hausisse

356 1820 393 1862 ea
427 1801 568 1874 auctore,
603 1793 657 1878 qni
697 1791 817 1858 Caesari
857 1813 974 1878 parcere
1016 1790 1162 1870 noluerit3
1200 1813 1268 1856 eum
1302 1792 1398 1878 igitur
1429 1793 1478 1858 Li·

356 1914 440 1980 vium
474 1920 526 1979 aut
557 1913 664 1978 saltem
687 1913 908 1998 Pompeianum
931 1909 1091 1994 quemdam
1119 1916 1256 1974 secutum
1279 1932 1342 1976 esse
1378 1913 1478 1978 verisi-

358 2034 430 2100 mile
453 2039 510 2100 est.

402 2150 537 2218 Tandem
564 2150 720 2216 Caesarem
743 2148 896 2214 tumulum
918 2145 1022 2234 paullo
1045 2146 1203 2214 editiorem
1227 2170 1404 2237 occupasse,
1429 2151 1479 2236 qni

359 2271 439 2336 inter
468 2269 613 2357 oppidum
645 2268 777 2334 Ilerdam
807 2274 884 2333 esset
906 2274 937 2332 et
958 2266 1129 2353 proximum
1153 2267 1278 2349 collem,
1302 2268 1355 2333 ubi
1385 2276 1479 2335 castra

357 2387 501 2454 Afranius
532 2394 562 2454 et
594 2389 732 2454 Petreius
761 2387 919 2466 haberent,
949 2391 980 2450 et
1009 2384 1117 2451 Caesar
1147 2393 1178 2452 et
1205 2386 1343 2453 Lucanos
1370 2395 1402 2454 et
1420 2389 1477 2453 Dio

356 2506 482 2573 Cassius
506 2507 638 2572 maximo
657 2529 804 2572 consensu
823 2511 960 2571 auctores
980 2511 1060 2571 sunt.
1095 2503 1214 2571 Sicorin
1237 2505 1360 2573 nivibus
1382 2507 1478 2593 lique·

356 2626 445 2692 iactis
475 2649 562 2712 agros
596 2624 774 2706 inundasse,
807 2625 1023 2710 Caesaremque
1046 2623 1133 2690 fossis
1156 2624 1257 2690 ductis
1280 2627 1419 2708 efficisse,
1443 2651 1478 2692 ue

356 2745 466 2811 iterum
485 2743 589 2809 eodem
611 2743 748 2830 periculo
772 2749 972 2830 premeretur,
996 2742 1098 2808 eadem
1121 2744 1237 2810 ratione
1262 2745 1343 2831 apud
1361 2748 1478 2812 eosdem

358 2864 517 2952 scriptores
539 2863 679 2951 legimus.
727 2863 795 2928 Hoc
817 2885 912 2928 uuum
939 2862 970 2928 in
995 2864 1118 2929 Lucano
1141 2863 1362 2946 desideramus,
1386 2867 1479 2932 admi·

355 2983 504 3050 rationem
535 2983 680 3049 mirificae
710 2983 783 3048 artis
813 2981 954 3063 bellicae,
980 2983 1045 3048 iure
1077 2982 1197 3052 Caesari
1224 2983 1362 3064 debitae,
1387 3008 1478 3070 quae,

357 3125 452 3190 quum
493 3101 635 3188 legimus,
680 3125 741 3187 quo
775 3101 865 3166 modo
900 3100 1017 3168 callidis
1052 3103 1272 3190 strategematis
1305 3109 1397 3188 atque
1436 3105 1479 3168 in·

355 3222 438 3309 signi
466 3220 591 3286 scientia
620 3220 745 3286 militari
766 3243 853 3298 usus,
876 3220 1038 3287 Afranium
1061 3221 1099 3287 ad
1121 3221 1306 3308 peditionem
1329 3224 1478 3310 coegerit,

359 3365 413 3407 sua
448 3346 554 3429 sponte
576 3346 726 3435 movetur.
770 3339 845 3405 Non
867 3349 968 3404 autem
991 3339 1046 3404 hac
1064 3341 1096 3404 in
1115 3363 1147 3405 re
1164 3340 1265 3405 studio
1288 3349 1479 3422 occaecatus,

360 3467 480 3548 puttam
509 3457 630 3524 veniam
652 3458 772 3523 Petreio
794 3459 955 3544 impetrare
978 3464 1121 3539 conatur,
1149 3460 1220 3546 qui,
1243 3461 1348 3526 videns
1372 3461 1481 3527 milites

357 3579 583 3646 inimicitiarum
607 3577 716 3644 oblitos
736 3577 896 3663 caedisque
919 3577 1107 3644 immemores
1138 3586 1167 3645 et
1188 3580 1258 3646 vino
1289 3581 1481 3667 laetitiaeque

361 3697 550 3784 indulgentes
586 3718 688 3762 servos
719 3696 757 3761 ad
790 3696 899 3762 bellum
931 3698 1120 3763 excitandum
1145 3707 1253 3780 armat,
1278 3701 1482 3784 ecquomodo

346 3898 580 3910 ψ

395 4029 416 4097 ¹)
434 4025 467 4083 Β.
485 4026 515 4083 C.
532 4025 556 4082 I.
574 4025 618 4082 40.

394 4116 416 4186 ²)
435 4114 467 4170 B.
485 4113 516 4172 0.
533 4111 609 4168 XLI.
629 4113 672 4168 20.

394 4203 415 4274 ⁸)
435 4197 792 4257 Consentaneum.
