3308 5138
759 389 820 452 103

226 603 256 662 et
288 596 402 663 mentio
430 595 616 661 obsessorum
647 595 835 662 castellorum
866 597 917 662 fit:
950 619 1059 662 nomen
1082 603 1181 664 autem
1205 601 1337 666 Scaevae

224 739 287 782 non
309 714 464 781 nominat„
499 714 605 779 Florus
629 714 694 780 eius
716 715 864 782 meminit.

268 836 342 902 Non
364 840 410 900 est
432 833 512 918 quod
534 834 684 915 miremur,
707 838 826 920 poetam
850 835 1028 915 centurioni,
1053 836 1183 922 partium
1205 836 1337 902 Caesaris

224 953 378 1034 studioso,
398 953 481 1018 illam
507 974 538 1018 re
558 973 627 1016 vero
645 951 775 1018 debitam
797 952 917 1018 laudem
948 953 1073 1019 virtutis
1104 954 1155 1019 vix
1185 955 1336 1022 tribuisse.

222 1073 370 1139 Scaevam
398 1071 554 1158 descripsit
583 1093 712 1162 pronum
734 1072 773 1136 ad
791 1094 880 1137 omne
899 1073 982 1137 nefas
1000 1078 1030 1136 et
1046 1073 1226 1170 nescientem
1246 1095 1336 1158 quam

223 1211 366 1278 magnum
389 1191 501 1256 crimen
524 1191 618 1257 virtus
640 1191 673 1256 in
696 1190 782 1256 bellis
799 1190 940 1258 civilibus
962 1197 1049 1259 esset.
1094 1193 1201 1258 Potius
1222 1193 1337 1258 miseri·

223 1312 326 1378 cordia
353 1311 418 1376 eius
443 1317 541 1376 motus
568 1334 636 1377 eum
662 1309 812 1376 infelicem
838 1311 981 1398 appellat,
1007 1311 1060 1396 qui
1082 1311 1183 1378 studio
1206 1313 1252 1380 vel
1274 1314 1337 1378 fato

128 1437 132 1444 '
221 1436 326 1517 raptus
347 1430 462 1496 nesciat
484 1436 596 1514 quanta
619 1429 731 1494 virtute
754 1429 908 1495 dominum
932 1429 1096 1516 paraverit!

265 1551 445 1638 Pompeius,
475 1550 530 1615 hac
559 1555 643 1636 parte
672 1549 811 1635 repulsus
833 1549 932 1614 animo
954 1550 1186 1635 haudquaquam
1209 1551 1332 1634 fractus,

220 1692 280 1734 non
311 1669 370 1734 sibi
399 1669 612 1754 quiescendum
643 1674 728 1734 ratus
758 1674 820 1749 est,
848 1668 901 1734 sed
922 1669 1017 1756 magis
1041 1671 1194 1757 magisque
1216 1669 1335 1736 Caesari

220 1788 404 1855 instandum.
450 1788 598 1854 Omnibus
616 1787 711 1854 modis
731 1788 902 1854 Caesariani
918 1787 955 1854 ab
973 1789 1109 1854 hostibus
1132 1790 1171 1855 ad
1194 1791 1334 1856 munitio-

219 1932 272 1976 nes
283 1909 503 1996 premebantur,
521 1909 563 1973 ita
581 1913 616 1974 ut
629 1930 714 1994 aegre
725 1907 897 1973 resisterent
902 1935 911 1988 3
934 1929 1077 1994 magnum
1090 1909 1221 1975 militum
1233 1932 1335 1976 nume·

219 2050 286 2094 rum
309 2027 487 2115 Pompeiani
510 2027 690 2092 ceciderunt.
739 2026 875 2092 Fortuna
899 2027 1034 2110 quidem,
1068 2050 1144 2112 quae
1170 2028 1333 2115 plurimum

219 2154 320 2234 potest
338 2169 432 2232 quum
452 2147 574 2232 reliquis
595 2146 701 2226 rebus,
720 2151 786 2211 tum
808 2146 965 2232 praecipue
982 2147 1013 2211 in
1030 2146 1125 2229 bello,
1145 2148 1217 2214 licet
1232 2149 1333 2235 parvis
1363 2213 1364 2216 ,

219 2267 379 2332 momentis
421 2288 543 2354 magnas
577 2287 677 2330 rerum
711 2263 963 2330 commutationes
1004 2266 1108 2330 fecerit
1146 2272 1176 2332 et
1216 2266 1334 2332 Caesari

220 2408 341 2471 quoque
371 2386 499 2452 invicem
526 2385 652 2466 faverit,
677 2384 775 2450 effecit
799 2391 833 2449 ut
855 2384 905 2449 hio
929 2383 987 2449 ribi
1010 2407 1129 2450 omnem
1151 2383 1335 2450 eommutan·
1362 2459 1363 2464 ἵ

194 2593 195 2596 ¹
220 2506 287 2571 dam
307 2505 375 2571 bebi
397 2505 545 2571 rationem
568 2504 760 2571 existimaret.
807 2503 846 2570 In
870 2504 1055 2569 Thessaliam
1079 2503 1186 2570 Caesar
1207 2505 1333 2591 migrare

219 2625 394 2704 constituit,
413 2625 484 2708 quia
502 2623 708 2689 munitionum
725 2645 833 2688 corona
854 2646 870 2688 a
889 2623 1034 2708 Pompeio
1051 2624 1197 2709 perfracta
1212 2646 1334 2710 magno·

218 2766 287 2831 pere
309 2743 352 2808 rei
375 2743 586 2808 frumentariae
618 2741 747 2807 timebat
771 2745 807 2827 1).
860 2741 969 2808 Omnia
1002 2743 1085 2823 haec,
1121 2748 1156 2808 ut
1189 2743 1332 2823 vidimus,
1367 2727 1368 2732 ἵ

217 2869 297 2928 recte
323 2867 415 2946 atque
436 2861 540 2926 ordine
566 2884 583 2925 a
606 2861 728 2926 Lucano
751 2867 869 2926 narrata
892 2867 973 2928 sunt.
1018 2862 1110 2944 Quod
1132 2867 1232 2926 tomen
1254 2863 1331 2926 affir-

217 2987 279 3047 mat
309 2981 491 3069 Pompeium
522 3003 583 3046 uno
611 2981 674 3046 ictu
704 2981 861 3046 inimicum
885 2981 980 3047 delere
1003 2981 1151 3066 potuisse,
1186 2981 1247 3046 nisi
1277 2983 1332 3046 mi·

218 3101 380 3168 sericordia
421 3107 510 3187 atque
554 3100 742 3165 humanitate
784 3107 885 3167 motus
932 3101 1076 3186 effugium
1117 3101 1156 3164 ei'
1187 3100 1331 3181 dedisset,

217 3228 283 3286 toto
318 3220 400 3286 coelo
433 3226 519 3286 errat.
569 3219 684 3285 Eodem
723 3220 811 3284 modo
831 3226 932 3307 'poeta
962 3220 1081 3285 heroem
1112 3241 1199 3284 suum
1228 3220 1330 3284 imme·

217 3341 284 3406 ritis
312 3340 395 3404 effert
425 3338 577 3419 laudibus,
608 3339 662 3404 ubi
695 3338 769 3404 dicit
801 3362 869 3405 eum
903 3362 1004 3404 amore
1027 3339 1139 3425 patriae
1162 3338 1276 3403 victum
1297 3340 1329 3403 in

217 3459 339 3526 Italiam
357 3458 497 3540 traiicere
512 3458 661 3539 noluisse,
678 3481 715 3524 ne
735 3459 862 3544 patriam
881 3458 966 3524 malis
986 3453 1056 3523 belli
1074 3456 1171 3522 civilis
1191 3457 1328 3523 afficeret.

218 3579 360 3643 Studiose
382 3577 559 3664 Pompeium
581 3578 720 3643 Lucanus
743 3583 841 3664 partes
864 3577 921 3642 viri
940 3577 1119 3664 praestantis
1141 3599 1176 3642 ac
1194 3575 1330 3641 devotio·

219 3699 265 3762 nis
297 3695 377 3783 pleni
406 3701 544 3782 agentem
575 3696 710 3776 inducit,
740 3718 814 3780 quas
835 3696 969 3781 profecto
998 3695 1158 3782 Pompeius
1186 3695 1250 3780 ipse
1273 3692 1330 3758 sibi

219 3817 392 3902 deprecatus
414 3822 501 3882 esset.

262 3936 373 4000 Versus
395 3934 504 4020 igitur:

251 4202 270 4266 ¹l
287 4200 318 4260 B.
338 4200 368 4261 O.
386 4199 441 4258 III.
460 4199 502 4260 74.
