3296 5132
834 381 889 446 aa
991 467 996 478 ¹

357 590 442 654 Duas
483 589 628 654 factiones
668 588 837 674 depravatis
871 587 1005 653 moribus
1041 587 1213 652 ultimorum
1250 587 1431 674 reipublicae

312 709 421 774 liberae
456 716 625 795 temporum
659 709 747 772 facile
781 707 868 771 nixas
902 729 981 790 esse,
1012 706 1073 770 iam
1104 705 1263 772 Sallustius
1300 707 1430 788 indicat,

314 828 464 913 quomodo
495 827 556 892 iam
580 850 668 913 supra
691 811 987 891 commemoravimus
1007 827 1042 910 ¹).
1089 824 1229 890 Lucanus
1257 827 1430 907 avaritiam,

312 947 477 1027 luxuriem,
512 946 601 1012 fidem
637 947 809 1025 decoctam,
845 945 956 1010 scelera
978 944 1016 1010 ob
1039 945 1104 1010 auri
1131 945 1241 1010 famem
1263 951 1433 1032 perpetrata

314 1087 416 1129 causas
447 1071 656 1152 corruptorum
685 1071 716 1128 et
742 1063 780 1128 ad
802 1063 903 1128 omnia
925 1063 1057 1128 facinora
1077 1086 1293 1151 propensorum
1320 1064 1431 1130 civium

314 1207 376 1248 esse
409 1185 571 1250 existimat.
618 1183 761 1250 Ambitus
795 1190 825 1248 et
859 1183 941 1248 fraus
970 1182 1068 1247 omnis
1096 1184 1214 1269 generis
1243 1183 1312 1248 urbi
1333 1182 1431 1248 letalis

246 1365 249 1372 ,
314 1309 393 1367 erat:
418 1303 524 1368 multis
545 1309 644 1368 autern
670 1302 709 1367 ob
732 1302 813 1389 ipsas
836 1323 940 1368 causas
964 1325 1012 1367 eas
1035 1301 1110 1366 utile
1133 1302 1255 1367 bellum.

358 1421 461 1508 Imago
495 1421 632 1503 Patriae,
667 1443 744 1506 quae
768 1421 806 1486 ad
827 1421 924 1486 undas
950 1421 1059 1486 tumidi
1082 1421 1249 1486 Rubiconis
1272 1427 1348 1486 teste
1369 1419 1430 1486 Lu·

315 1561 389 1604 cano
409 1539 529 1606 Caesari
551 1539 706 1626 trepidans
729 1538 794 1604 visa
817 1546 880 1618 est,
905 1539 986 1625 apud
1009 1539 1168 1604 historicos
1186 1561 1247 1603 non
1265 1539 1429 1606 invenitur.

314 1659 404 1722 Alius
431 1659 542 1724 ostenti
565 1659 728 1725 Suetonius
751 1658 931 1723 mentionem
958 1657 1032 1722 facit
1049 1661 1091 1744 2):
1140 1658 1295 1752 „Quidam
1322 1657 1431 1722 eximia
1459 1669 1460 1672 ’

315 1775 522 1862 magnitudine
545 1784 575 1844 et
598 1777 693 1842 forma
715 1777 747 1841 in
769 1776 906 1864 proximo
929 1777 1047 1842 sedens*
1060 1784 1182 1862 repente
1204 1776 1355 1862 apparuit,
1379 1777 1430 1840 ha·

314 1896 442 1961 rundine
465 1919 591 1962 canens:
612 1897 649 1963 ad
670 1919 758 1982 quem
782 1896 963 1961 audiendum
988 1917 1056 1960 cum
1079 1901 1195 1982 praeter
1213 1902 1348 1982 pastores
1364 1895 1430 1983 plu·

313 2015 382 2080 rimi
401 2016 491 2080 etiam
516 2037 551 2081 ex
575 2015 756 2080 stationibus
779 2014 890 2080 milites
910 2007 1145 2093 concurrissent,
1169 2014 1308 2098 interque
1326 2036 1376 2078 eos
1399 2023 1430 2078 et

316 2141 486 2199 aeneatores
519 2143 606 2222 rapta
640 2135 678 2201 ab
711 2157 772 2200 uno
795 2133 869 2200 tuba
892 2133 1045 2220 prosilivit
1066 2133 1105 2198 ad
1127 2133 1237 2197 flumen
1261 2141 1291 2197 et
1313 2133 1429 2220 ingenti

315 2253 424 2337 spiritu
447 2253 606 2318 class1eunr
631 2275 754 2318 exorsus
777 2251 929 2339 pertendit
947 2251 985 2316 ad
1007 2252 1131 2316 alteram
1149 2249 1278 2337 ripam''.
1315 2251 1430 2316 Deinde

314 2371 477 2436 Suetonius
500 2373 589 2437 refert
612 2371 767 2436 Caesarem
791 2371 946 2436 notissima
968 2370 1059 2435 verba
1079 2369 1200 2436 dixisse.
1231 2369 1348 2449 '‘Eatur
1370 2391 1430 2454 quo

313 2490 435 2553 deorum
448 2496 566 2554 ostenta
577 2497 607 2556 et
621 2489 809 2554 inimicorum
822 2489 967 2574 iniquitas
979 2495 1085 2554 vocat:
1103 2488 1287 2571 Ἀνερρίφθω
1301 2488 1430 2566 κύβος”.

313 2609 428 2672 Lucani
466 2609 584 2674 animus
618 2608 758 2695 poeticus
796 2607 931 2674 Caesaris
970 2618 1099 2674 mentem
1136 2609 1339 2696 perturbatam
1373 2607 1431 2672 alia
1487 2610 1489 2614 ’

312 2727 428 2792 ratione
445 2726 597 2813 depinxit,
623 2749 720 2812 neque
738 2749 846 2814 negare
870 2728 965 2792 ausim
987 2728 1216 2825 descriptionem
1241 2728 1306 2792 eius
1325 2733 1430 2813 poetae

314 2845 416 2910 eximii
455 2845 577 2932 ingenio
620 2845 741 2932 dignam
784 2845 952 2910 habendam
986 2869 1058 2912 esse.
1116 2846 1214 2911 Verba
1250 2847 1333 2932 ipsa:
1369 2845 1431 2909 alea

312 2965 391 3028 iacta
412 2965 468 3044 sit,
501 2987 577 3050 quae
600 2965 680 3050 apud
712 2964 908 3030 Plutarchum
934 2964 1061 3050 legimus
1085 2965 1110 3053 8)
1140 2965 1323 3051 (indulcarat
1346 2965 1431 3044 darp-

313 3083 406 3164 ρίφθω
435 3083 545 3164 κύβος,
573 3083 736 3166 διεβίβκζε
759 3084 810 3148 τὸν
838 3082 999 3169 arpocro'a),
1024 3083 1104 3171 apud
1126 3091 1244 3170 poetam
1264 3107 1324 3148 non
1348 3083 1430 3147 inve·

313 3201 430 3282 nimus,
453 3203 525 3266 licet
538 3223 675 3266 versuum
696 3206 758 3266 225
777 3211 807 3267 et
827 3206 889 3268 226
910 3202 1013 3268 eadem
1029 3203 1177 3267 sententia
1193 3181 1430 3268 internoscatur:

426 3321 503 3400 llic,
528 3320 587 3400 ait,
611 3321 661 3384 hie
683 3343 786 3406 pacem
808 3327 1012 3406 temerataque
1034 3322 1101 3386 iura
1123 3322 1274 3408 relinquo,

425 3442 467 3504 Te
488 3439 639 3517 Fortuna,
663 3461 780 3524 sequor.
805 3440 915 3504 Procul
942 3439 1013 3504 binc
1036 3440 1096 3504 iam
1122 3439 1241 3505 foedera
1264 3445 1363 3504 sunto.

356 3559 497 3624 Fluvium
539 3556 728 3622 Rubiconem
762 3563 915 3644 stagnasse
950 3581 985 3622 eo
1024 3559 1073 3624 die
1107 3580 1168 3643 quo
1201 3559 1309 3624 ansar
1342 3556 1430 3621 traie-

313 3680 403 3758 cerit,
423 3699 502 3742 unus
525 3675 668 3740 Lucanus
685 3681 792 3742 auctor
810 3682 865 3742 est.
911 3675 949 3742 Id
968 3683 1088 3742 tantum
1109 3683 1315 3742 ornamentum
1333 3675 1430 3763 po'e'ti·

220 3882 221 3886 t
299 3877 564 3891 ——n

342 3997 360 4059 ¹)
379 3992 443 4049 Sall.
463 3992 544 4052 Catil.
561 3998 574 4062 t
593 3993 636 4053 10.

341 4082 363 4152 ²)
382 4081 456 4136 Suet.
474 4080 537 4138 Div.
557 4081 574 4134 J
576 4079 613 4138 ul.
631 4082 674 4136 32.

340 4167 362 4238 5)
381 4165 474 4238 Pomp.
493 4167 536 4222 60.
