3308 5138
748 429 808 490 141

221 659 290 700 cum
325 636 442 701 civibus
477 636 572 700 multo
606 611 737 700 atrocius
760 633 874 699 bellum
897 655 988 718 quam
1012 631 1044 697 in
1070 633 1232 699 Pharsalia.
1279 631 1339 698 Hic

222 755 366 840 reliquias
388 755 519 842 partium
542 755 754 840 naufragarum
778 753 903 839 quidam
926 755 1015 840 fugae
1043 759 1142 818 aestus
1165 753 1338 840 expulerat3

221 897 276 939 nec
309 875 450 959 reliquias
483 874 614 954 diceres,
649 873 703 939 sed
735 875 888 960 integrum
918 870 1062 940 bellum.”
1073 885 1077 896 '
1106 871 1234 937 Nullam
1256 872 1339 937 vides
1454 871 1456 876 ’

222 995 406 1060 mentionem
424 995 534 1060 factam
552 993 667 1058 itineris
689 1015 742 1079 per
763 992 889 1059 deserta.
910 992 1036 1059 Livium
1051 999 1153 1058 autem
1177 991 1254 1076 lvanc
1276 1013 1339 1056 rem

221 1115 395 1179 tractavisse
413 1137 450 1179 ex
461 1113 576 1178 Velleio
589 1111 746 1180 Paterculo
769 1117 906 1198 apparet,
927 1119 973 1176 est
995 1105 1085 1197 quem
1108 1111 1245 1177 sedulum
1258 1109 1339 1176 Livii

221 1233 403 1298 imitatorem
427 1233 504 1297 hanc
526 1231 726 1297 narrationem
748 1232 829 1318 apud
851 1254 919 1297 eum
942 1231 1049 1317 legisse
1072 1230 1217 1318 suspicor.

265 1351 522 1438 CatonemSeptis
545 1351 676 1437 accepit,
700 1350 770 1415 urbs
793 1351 872 1416 inter
894 1350 970 1416 duas
993 1351 1094 1436 Syrtes
1117 1350 1190 1430 sita,
1212 1348 1338 1414 ubiLn·
1394 1423 1396 1428 ¹
1508 1406 1510 1410 .

222 1494 314 1536 canus
348 1493 416 1536 eum
450 1470 612 1556 relinquit,
646 1470 732 1534 nulla
766 1469 831 1534 eius
854 1455 1007 1534 mentione
1029 1468 1099 1534 dein
1122 1467 1216 1550 facta,
1242 1490 1340 1554 neque

221 1591 283 1654 vim
305 1597 375 1678 post
397 1612 527 1676 pugnam
552 1589 633 1676 apud
655 1589 808 1675 Thapsum
831 1589 860 1654 ei
883 1589 1000 1654 allatam
1027 1609 1272 1654 commemorans.

265 1709 373 1775 Caesar
394 1708 573 1795 Pompeium
594 1715 768 1795 persecutus
791 1714 836 1773 est
859 1714 889 1774 et
912 1709 1032 1774 Troiam
1054 1708 1144 1788 visit,
1168 1707 1217 1773 vel
1236 1707 1339 1794 potius

221 1829 329 1894 rudera
356 1827 439 1893 urbis
472 1828 570 1909 illius,
606 1829 694 1893 cuius
729 1829 819 1893 etiam
850 1827 1014 1914 parietinae
1036 1827 1187 1915 perierant
1209 1827 1341 1893 dumetis

209 1936 328 2013 tectae.
367 1947 417 2012 Sic
450 1947 592 2014 Lucanus
622 1947 729 2034 fingit,
753 1947 920 2034 exemplum
942 1954 1098 2013 auctorum
1122 1955 1259 2029 secutus,
1284 1947 1339 2032 qui

213 2059 427 2132 'Alexandrum
460 2067 581 2132 Troiam
615 2061 760 2132 visentem
795 2067 977 2134 describunt.
1031 2067 1106 2133 Cato
1139 2091 1193 2155 per
1226 2067 1359 2134 deserta

222 2188 279 2252 iter
313 2187 442 2266 faciens,
476 2186 641 2252 Alexandri
656 2193 785 2272 potitam
809 2187 1006 2252 admonuerat
1028 2187 1180 2272 huiusque
1204 2194 1341 2254 constan·

222 2306 297 2370 tiam
332 2305 400 2370 sitis
434 2305 630 2392 omniumque
663 2305 800 2371 laborum
836 2305 1018 2392 patientem,
1042 2305 1074 2370 in
1103 2305 1224 2372 herctm
1251 2329 1339 2374 suum

221 2447 310 2490 suurn
333 2424 507 2490 translatam
529 2447 593 2490 esse
607 2447 695 2490 nemo
714 2447 775 2490 non
794 2424 1047 2512 facilointelligit.
1070 2425 1225 2492 Sieetiam
1247 2427 1340 2493 facul·

223 2549 315 2608 tatem
350 2542 479 2608 oblatam
499 2543 607 2609 Troiae
634 2543 775 2608 visendae
801 2545 1038 2630 praetermittere
1061 2569 1121 2612 non
1147 2546 1232 2626 vult,
1259 2568 1340 2632 prae·

223 2663 324 2728 sertim
359 2685 455 2748 quum
483 2667 593 2750 'potitae
627 2663 743 2728 occasio
778 2663 867 2729 detur
900 2664 959 2730 sibi
994 2665 1054 2752 ipsi
1087 2666 1342 2732 immortalitatem

225 2783 330 2847 merito
357 2783 502 2848 tributam
530 2781 724 2848 vaticinandi.
766 2783 869 2863 ,Dum
898 2783 978 2850 enim
993 2821 1036 2836 —
1046 2785 1149 2871 inquit
1160 2823 1202 2837 —
1215 2785 1342 2852 Homeri

169 2979 171 2986 y
223 2901 329 2966 laudes
346 2901 504 2983 dicuntur,
525 2901 717 2986 carminaque
736 2901 801 2967 eius
821 2902 964 2990 leguntur
983 2903 1119 2970 homines
1137 2905 1272 2986 venturi,
1296 2927 1343 2970 me

224 3043 347 3106 quoque
367 3009 507 3088 noverint
530 3017 774 3106 Pharsaliamqne
796 3020 913 3108 legent:
1293 3000 1295 3004 ¹

758 3141 914 3206 Pharsalia
936 3148 1039 3207 nostra
1130 3206 1137 3222 ,

337 3261 428 3326 Vivet
450 3267 481 3326 et
503 3284 520 3325 a
542 3261 626 3326 nullo
645 3261 777 3328 tenebris
800 3261 1010 3328 damnabimur
1034 3285 1106 3329 aevo
1131 3265 1232 3348 (986).

270 3381 307 3446 In
337 3383 397 3446 fine
430 3380 499 3446 libri
533 3380 608 3446 noni
641 3389 731 3467 poeta
754 3381 880 3446 historia
914 3382 991 3447 duce
1020 3381 1157 3448 adhibita
1189 3382 1344 3449 Caesarem

226 3501 259 3565 in
282 3503 452 3586 Aegyptum
476 3499 621 3586 sequitur.
666 3499 809 3585 Legimus
832 3521 902 3564 eum
924 3503 1021 3587 capite
1047 3501 1150 3586 generi
1173 3501 1231 3568 sibi
1253 3501 1344 3568 allato

226 3585 458 3706 haudquaquain
481 3627 664 3684 commotum
687 3641 765 3699 esse,
799 3618 848 3683 vel
869 3620 971 3706 potius
991 3620 1082 3686 etiam
1113 3621 1256 3708 gandium
1279 3645 1344 3709 per·

228 3739 349 3827 cepisse.
395 3738 586 3804 Contrarium
609 3759 712 3802 omnes
735 3737 929 3803 historiarum
952 3744 1088 3804 auctores
1109 3740 1267 3808 affirmant.
1292 3743 1346 3833 ‚Re

230 3881 298 3925 vera
327 3858 482 3924 Caesarem
505 3865 688 3924 commotum
722 3880 786 3923 esse
813 3863 906 3924 testes
927 3880 1034 3944 graves
1056 3864 1144 3939 sunt,
1166 3881 1282 3945 neque,
1309 3866 1345 3926 ut
1413 3843 1418 3855 ’

229 3979 384 4060 Lucanus,
424 3979 611 4045 contendunt
640 4001 709 4067 eum
746 3978 876 4043 dolorem
913 3977 1068 4044 simulasse
1102 4001 1162 4064 quo
1196 3979 1343 4046 laetitiam

230 4099 388 4164 occuleret.
410 4097 512 4163 Etiam
530 4097 655 4177 Livius,
680 4097 733 4184 qui
751 4121 769 4162 a
791 4097 927 4184 partibus
948 4096 1139 4186 Pompeianis
1158 4105 1236 4167 stare
1250 4101 1345 4184 solet,

230 4217 323 4286 tradit
349 4217 521 4298 Caesarem,
552 4239 647 4302 quum
677 4218 705 4282 ei
734 4216 907 4284 Theodotus
929 4223 1020 4304 caput
1040 4217 1177 4306 Pompeii
1199 4225 1230 4285 et
1252 4241 1358 4288 annu·¹
1410 4271 1411 4275 ,
