3296 5132
797 427 838 491 58

262 654 349 720 perus
371 632 490 697 circiter
512 632 614 698 decern
639 633 734 698 millia
756 634 914 700 hominum
935 635 1092 700 Brundisii
1111 637 1276 718 retinebat,
1303 662 1381 724 quos

260 751 388 818 navibus
411 752 624 818 deficientibus
647 753 802 818 traducere
823 749 984 839 nequibat,
997 754 1104 839 ibique
1115 755 1232 820 reditus
1244 758 1378 837 navium,

259 871 373 959 quibus
397 871 535 936 consules
558 872 709 951 cohortes,
742 871 801 936 sibi
819 872 992 938 commissas
1015 877 1242 940 transvexerunt
1262 897 1380 963 exspec-

263 989 321 1056 tari
359 988 496 1056 debebat.
555 989 642 1056 Licet
685 989 884 1056 Brundisium
927 995 1109 1077 occupatum
1151 992 1208 1057 sibi
1257 994 1398 1059 utilissi·'

260 1133 345 1176 mum
379 1134 444 1178 esse
477 1110 642 1197 potuisset,
674 1110 754 1175 unde
782 1117 887 1196 postea
909 1110 1000 1176 Italia
1023 1111 1192 1198 potiretur,
1217 1111 1381 1198 Pompeius

261 1242 359 1298 tamen
384 1231 501 1297 diffisus
521 1230 603 1295 urbis
622 1231 818 1296 munimentis
842 1235 873 1295 et
895 1229 1001 1296 urbem
1019 1253 1080 1296 non
1093 1230 1147 1296 diu
1159 1229 1281 1296 defendi
1293 1253 1381 1318 posse

260 1357 361 1432 ratus,
396 1350 555 1417 consilium
591 1350 708 1418 italiam
743 1350 934 1436 relinquendi
963 1349 1072 1417 inibat.
1107 1349 1226 1416 Caesari
1249 1350 1382 1417 molibus

261 1469 439 1557 ratibusque
472 1481 593 1556 portum
626 1469 819 1556 praecludere
853 1475 977 1549 conato,
1013 1469 1133 1534 classem
1165 1468 1252 1534 aditu
1280 1471 1383 1558 prohi-

261 1589 331 1655 bere
353 1589 385 1656 in
405 1591 505 1656 animo
528 1595 602 1656 erat.
643 1590 807 1677 Pompeius
829 1613 919 1655 navas
943 1589 1108 1667 onerarias,
1131 1591 1263 1674 quasin
1291 1597 1384 1677 portu

261 1709 450 1774 Brundisino
489 1708 740 1796 deprehenderat,
780 1708 963 1789 adornabat,
999 1711 1023 1794 1)
1071 1707 1184 1794 quibus
1226 1711 1384 1776 tormentis

263 1828 408 1915 omnique
431 1850 542 1914 genere
571 1827 701 1892 telorum
725 1827 897 1914 completis,
922 1849 1012 1914 opera
1035 1836 1127 1913 etque
1149 1833 1228 1894 rates
1250 1829 1384 1894 Caesaris

262 1947 455 2016 disturbavit.
484 1946 552 2012 Hac
581 1947 698 2013 ratione
722 1946 910 2012 obsidionem
931 1947 1039 2024 traxit,
1065 1947 1138 2012 dum
1162 1946 1266 2012 classis
1289 1947 1384 2012 redie-

260 2074 323 2149 rat,
355 2089 416 2153 qua
445 2066 607 2153 Pompeius
630 2065 737 2131 invitis
760 2065 957 2146 custodibus,
982 2065 1237 2151 Brundisinisque
1260 2065 1385 2131 infensis

263 2187 364 2273 copias
398 2185 544 2252 traduxit.
602 2188 642 2252 A.
676 2186 705 2251 d.
741 2185 819 2250 XVI
853 2185 923 2252 Kal.
959 2187 1034 2272 Apr.
1068 2163 1178 2250 nautae
1212 2185 1315 2261 taciti,
1349 2192 1386 2249 ut

264 2305 409 2370 Lucanus
444 2305 536 2386 dicit,
570 2311 648 2370 rates
677 2305 809 2384 solvere;
841 2311 872 2369 et
894 2305 1011 2385 hostes,
1036 2327 1133 2391 quum
1157 2307 1252 2371 muris
1274 2307 1386 2392 recepti

262 2425 368 2490 urbem
411 2424 591 2504 intrassent,
637 2423 785 2510 Magnum
831 2424 998 2510 fugientem
1033 2425 1193 2511 altumque
1232 2432 1384 2513 petentem

263 2543 415 2610 viderunt.

304 2663 380 2727 Non
410 2661 577 2750 discrepare
600 2661 760 2728 Lucanum
784 2671 814 2729 et
837 2662 991 2743 Caesarem
1013 2664 1170 2744 videmus,
1201 2663 1323 2730 obires
1346 2666 1385 2731 ad

263 2781 463 2848 Brundisium
508 2789 607 2870 gestas
651 2791 784 2850 narrant.
830 2785 939 2870 Neque
967 2785 1090 2866 Livius,
1125 2808 1224 2871 neque
1258 2785 1386 2851 Orosius

263 2903 432 2990 quidquam
462 2903 544 2967 dant.
589 2903 699 2968 Florus
728 2903 847 2970 scribit:
885 2902 955 2984 ,ille
979 2905 1170 2991 [Pompeius]
1196 2895 1248 2992 per
1271 2904 1384 2970 obsessi

261 3023 393 3090 claustra
415 3028 522 3109 portus
546 3029 695 3088 nocturna
719 3023 794 3108 fuga
817 3021 943 3089 evasit’'.

306 3143 419 3207 Eadem
457 3143 575 3206 ratione
614 3142 712 3206 multa
753 3141 902 3227 descripta
934 3140 1064 3226 legimus
1099 3143 1180 3228 apud
1214 3144 1384 3224 Caesarem,

263 3285 323 3348 qua
347 3261 428 3349 apud
451 3262 625 3327 Lucanum:
651 3285 713 3347 quo
736 3262 826 3325 modo
848 3261 941 3325 moles
965 3267 1058 3346 atque
1080 3284 1220 3349 aggerem
1243 3263 1280 3328 ab
1304 3269 1385 3327 utra-

263 3406 323 3469 que
345 3388 430 3468 parte
451 3381 560 3446 littoris
581 3381 726 3460 iacuerit,
746 3381 828 3466 apud
848 3387 1013 3466 utrumque
1034 3381 1174 3446 similiter
1193 3383 1383 3469 depingitur:

261 3524 360 3588 neque
384 3522 547 3565 consensus
570 3500 773 3576 desideratur,
807 3500 862 3566 ubi
886 3501 1067 3588 Pompeium
1090 3501 1217 3567 evasisse
1241 3503 1384 3568 referunt.

261 3620 311 3687 Ne
346 3620 476 3685 duarum
511 3619 634 3706 quidem
665 3621 791 3685 navium
821 3620 1073 3707 Pompeianarum
1104 3623 1248 3687 Lucanus
1271 3623 1384 3688 oblitus

263 3747 323 3820 est,
358 3761 435 3824 quae
466 3739 504 3806 ad
536 3741 630 3805 moles
653 3740 788 3806 Caesaris
824 3742 1022 3808 adhaeserunt
1054 3764 1191 3828 quaeque
1214 3741 1331 3827 scaphis
1354 3750 1384 3806 et

263 3859 407 3936 lintribus
442 3859 637 3946 reprehensae
666 3861 907 3948 excipiebantur:
946 3885 1028 3946 „quo
1051 3863 1181 3948 primum
1207 3901 1248 3914 -
1283 3864 1386 3947 inquit

264 3971 408 4044 Lucanus
432 4018 473 4028 -
497 3979 605 4044 rubuit
629 3980 710 4045 civili
733 3981 882 4068 sanguine
905 3982 1055 4048 Nererrs’'.

297 4230 522 4303 sacrm
