3296 5132
858 419 899 482 60

316 627 438 715 Semper
461 629 589 693 maritus
612 648 697 692 meus
720 625 873 705 manebis,
902 625 1015 690 bellum
1039 625 1127 690 civile
1151 632 1180 690 te
1204 646 1303 690 meum
1329 625 1436 699 faciet,

315 753 411 812 morte
435 748 510 812 mihi
535 744 699 812 redderis”.

360 865 457 930 Paulo
500 872 569 931 ante
609 865 680 930 solis
722 886 861 929 occasum
902 885 993 928 naves
1026 863 1065 928 ad
1097 863 1184 950 Epiri
1218 862 1307 927 littus
1342 864 1435 949 adpu-

317 985 434 1065 lerunt,
466 983 518 1050 ubi
548 985 666 1070 hospita
697 983 789 1048 tellus
818 981 975 1070 puppibus
1005 981 1108 1046 faciles
1141 964 1279 1047 accessus
1314 982 1435 1049 obtulit.

361 1103 516 1169 Caesarem
553 1103 665 1168 interea
695 1102 812 1167 inimici
845 1102 935 1188 fugae
965 1099 1083 1188 piguit3
1116 1123 1219 1166 curam
1242 1111 1344 1166 autem
1368 1101 1435 1166 belli

316 1228 436 1310 pectore
458 1222 575 1310 expulit
597 1223 634 1287 ad
657 1222 689 1286 id
713 1228 832 1287 tantum
857 1222 993 1286 intentus
1016 1219 1170 1306 quomodo
1191 1244 1321 1286 amorem
1340 1245 1434 1309 popu·

316 1343 408 1408 larem
431 1342 488 1407 sibi
509 1343 692 1410 conciliaret.
727 1341 850 1430 Optime
870 1341 998 1422 sciebat,
1023 1363 1170 1406 annonam
1189 1346 1219 1406 et
1236 1341 1298 1406 irae
1315 1363 1435 1404 causam

315 1467 345 1526 et
368 1463 476 1526 summi
500 1462 610 1526 favoris
632 1484 705 1527 esse.
741 1461 1022 1548 Curionem'igitur
1045 1459 1131 1526 iubet
1152 1460 1185 1525 in
1208 1459 1297 1524 urbes
1314 1459 1436 1524 Siciliae

315 1580 538 1661 transcendere,
563 1581 595 1646 in
619 1581 787 1646 Sardiniam
811 1582 906 1646 alium
930 1580 1080 1667 quendam
1104 1603 1140 1644 ex
1162 1579 1266 1643 amicis
1288 1580 1393 1646 mittit.

360 1698 484 1782 Quibus
517 1700 646 1788 provisis
679 1699 805 1766 Romam
835 1700 991 1766 contendit
1022 1699 1143 1785 agmina
1165 1721 1226 1763 non
1247 1698 1369 1763 trahens
1392 1722 1436 1764 ar·

315 1826 411 1901 mata,
443 1821 495 1886 sed
525 1821 607 1906 pacis
638 1818 760 1884 vultum
777 1821 927 1886 habentia.
975 1820 1135 1901 Quantum
1154 1819 1267 1883 civium
1287 1817 1435 1904 gaudium

314 1938 445 2020 fuisset,
462 1939 486 2004 si
511 1937 611 2004 Gallia
635 1939 758 2004 subacta
781 1941 812 2006 in
836 1940 964 2027 patriam
983 1945 1159 2019 remeasset3
1180 1944 1309 2023 quantos
1326 1937 1434 2002 trium·

313 2059 388 2145 phos
423 2058 573 2124 duxisset!
608 2061 640 2124 N
643 2081 702 2124 unc
735 2066 837 2124 autern
862 2059 952 2125 urbes
978 2081 1047 2124 eum
1071 2063 1239 2123 metuentes
1262 2057 1433 2144 accipiunt:

312 2199 410 2264 neque
431 2177 508 2243 laeta
530 2179 558 2244 ei
581 2180 671 2245 turba
694 2179 782 2245 obvia
805 2180 908 2246 venit:

720 2299 834 2386 gaudet
857 2307 957 2364 tamen
981 2321 1043 2362 esse
1068 2299 1171 2363 timori

423 2419 498 2483 Tam
521 2441 628 2504 magno
651 2419 790 2505 populis,
810 2425 841 2483 et
865 2440 896 2482 se
920 2441 979 2482 non
1001 2417 1105 2482 mallet
1127 2418 1230 2483 amari.
1255 2419 1322 2503 (83)

358 2535 407 2600 Ita
437 2537 537 2601 animo
564 2538 689 2602 affectus
711 2537 829 2602 moenia
851 2537 965 2626 Romae
988 2535 1071 2602 subit
1079 2562 1088 2615 ;
1113 2536 1195 2601 haud
1218 2536 1329 2601 mirum
1352 2538 1434 2602 cives

313 2655 460 2721 laetitiam
488 2679 548 2720 non
573 2657 732 2737 simulare;
757 2657 809 2721 vix
833 2662 937 2721 oontra
960 2655 1057 2721 odisse
1079 2661 1174 2720 vacat.
1222 2655 1378 2720 Senatores
1402 2656 1433 2721 in

313 2774 385 2839 aede
417 2773 566 2860 Apollinis
593 2777 722 2855 adsunt,
754 2799 816 2840 non
846 2783 948 2840 tamen
978 2775 1044 2839 iure
1072 2798 1107 2840 ao
1132 2775 1194 2839 ritu
1218 2799 1235 2838 a
1259 2773 1433 2840 consulibus

297 2893 488 2978 ,convocati3
518 2915 615 2980 neque
647 2893 769 2975 consul,
798 2917 896 2979 neque
932 2901 1050 2980 praetor
1073 2895 1175 2976 adest3
1210 2897 1295 2960 sedes
1319 2895 1433 2960 curulis

312 3034 415 3077 vacua.
451 3012 609 3078 Senatores
633 3014 738 3078 sedent
761 2999 919 3078 decernere
941 3014 1037 3099 parati
1061 3014 1212 3100 quidquid
1236 3015 1334 3080 victor
1356 3014 1433 3101 peti·

313 3135 401 3195 turus
423 3137 479 3198 est.
513 3133 629 3198 Lucius
653 3133 802 3210 Metellus
827 3132 1098 3219 tribunusplebis,
1123 3133 1241 3200 Caesari
1260 3133 1363 3198 aedem
1382 3133 1434 3198 Sa·

312 3250 395 3314 turni
419 3251 599 3338 perfringere
623 3253 743 3318 conanti
768 3253 903 3332 obstitit,
940 3257 975 3316 ut
1007 3274 1128 3338 corpore
1155 3255 1221 3339 ipso
1245 3252 1393 3317 aerarium
1416 3277 1433 3318 a

311 3369 450 3435 manibus
481 3370 641 3457 rapacibus
665 3371 821 3451 defendat,
847 3371 1016 3436 exclamans
1039 3371 1187 3457 templum
1211 3361 1272 3436 non
1297 3373 1356 3436 nisi
1381 3396 1434 3458 per

312 3512 404 3554 suurn
432 3511 543 3576 corpus
577 3489 722 3555 intratum
761 3490 811 3555 iri,
857 3488 980 3571 Quibus
1015 3490 1113 3555 verbis
1143 3514 1301 3572 accensus,
1326 3491 1434 3557 Caesar

313 3609 341 3674 ei
382 3631 464 3694 spem
506 3611 649 3675 honestae
682 3609 789 3674 mortis
825 3611 936 3702 aufert,
980 3612 1082 3677 dicens
1118 3637 1187 3679 eum
1222 3613 1266 3678 ira
1300 3611 1432 3677 Caesaris

312 3728 438 3813 dignum
467 3750 526 3793 non
557 3751 629 3794 esse.
675 3728 761 3792 Tunc
792 3730 881 3795 Cotta
905 3731 1028 3816 quidam
1051 3733 1172 3797 Metello
1195 3733 1370 3817 persuadet,
1399 3738 1433 3794 ut

312 3847 350 3910 ab
380 3848 499 3932 incepto
527 3848 657 3912 nimium
692 3849 797 3913 audaci
835 3851 972 3930 desistat,
1006 3853 1093 3915 cuins
1118 3850 1216 3913 verbis
1242 3860 1356 3929 motus,
1382 3853 1431 3914 tri·

309 3970 411 4035 bunus
449 3967 545 4052 plebis
580 3969 738 4034 consilium
777 3971 924 4034 moriendi
962 3970 1090 4034 libenter
1127 3976 1236 4035 mutat.
1294 3968 1433 4034 Pnlolrris

310 4087 446 4152 versibus
469 4085 613 4151 Lucanus
633 4096 787 4154 enumerat
811 4089 923 4175 quibus
947 4111 982 4152 ex
1003 4087 1110 4172 opibus
1132 4089 1293 4168 aerarium,
1319 4091 1432 4153 multos

310 4230 363 4296 per
386 4230 479 4271 annos
503 4206 667 4288 intactum,
692 4214 818 4300 constet.
854 4207 964 4273 Omnia
987 4229 1064 4292 quae
1088 4207 1235 4294 Pyrrhus,
1261 4230 1339 4292 quae
1364 4210 1433 4276 Car·
