3296 5132
824 378 894 470 ¹aa

312 617 436 682 avaritia
471 621 502 680 et
533 637 633 680 amore
663 615 750 679 ducis
772 620 886 701 pugnat
894 642 903 694 ;
926 613 1047 679 tandem
1069 613 1184 700 primus
1206 614 1285 701 pilus
1308 604 1429 682 Laelius

311 757 365 823 pro
377 733 632 799 commilitonibus
645 733 803 820 pollicetur
814 757 845 798 se
857 755 959 798 omnes
972 732 1102 798 facturos
1114 755 1176 798 esse
1189 732 1335 818 quicquid
1347 733 1428 799 iube·

250 865 252 871 ’
312 853 442 933 buntur;
464 851 512 933 psi
534 859 653 939 pectore
675 853 775 917 fratris
799 890 841 901 —
864 852 964 937 inquit
977 889 1016 900 -
1029 851 1162 937 gladium
1174 852 1300 920 condere
1311 851 1429 920 iubebis

311 971 359 1036 vel
388 971 493 1057 iugulo
524 965 671 1056 parentis,
695 969 848 1050 faciemus,
882 969 908 1034 si
931 969 1057 1056 spoliare
1079 970 1149 1035 deos
1171 976 1202 1035 et
1224 970 1324 1057 ignom
1355 979 1428 1038 tem·

310 1091 369 1176 plis
389 1089 548 1156 immittere
567 1088 757 1169 iubebimur,
770 1087 1210 1174 mandatatuaexsequemur”.
1234 1089 1292 1154 His
1305 1097 1428 1157 cunctae

310 1210 446 1276 cohortes
469 1203 673 1274 assentiuntur
695 1219 725 1273 et
747 1208 872 1288 Caesar,
897 1231 934 1273 ne
963 1209 1112 1273 fortunam
1136 1214 1267 1273 moretur
1291 1209 1428 1275 cohortes

310 1351 362 1414 per
400 1328 514 1394 Gallica
552 1349 621 1392 rura
663 1347 780 1413 sparsas
814 1333 918 1392 evocat
953 1331 988 1392 ut
1021 1325 1115 1412 signis
1149 1326 1267 1392 infestis
1300 1327 1426 1392 &mam

310 1454 404 1534 petat.

352 1565 459 1632 Terror
482 1587 534 1652 per
556 1587 674 1630 omnem
696 1563 817 1630 Italiam
832 1565 997 1653 spargitur:
1018 1589 1096 1630 vana
1112 1566 1205 1648 fama,
1224 1589 1301 1652 quae
1320 1567 1427 1632 crescit

311 1684 428 1764 eundo,
452 1684 489 1748 ad
512 1706 598 1748 veros
621 1683 744 1748 timores
762 1684 894 1763 accedit3
914 1707 1007 1771 pavor
1025 1686 1141 1750 animos
1158 1685 1271 1751 civium
1284 1693 1424 1773 occupat:

309 1803 517 1889 unusquisque
539 1802 635 1867 famae
657 1802 792 1889 pavendo
813 1803 891 1868 vires
910 1803 970 1869 dat.
994 1804 1061 1869 Nec
1079 1805 1174 1872 solum
1193 1807 1304 1893 vulgus
1323 1813 1426 1892 stupet

308 1923 391 1988 inani
424 1929 537 1987 terrore
569 1921 754 2008 perculsumr
789 1930 938 1988 senatores
973 1945 1092 2008 quoquc
1122 1925 1287 2011 trepidant,
1318 1925 1426 1990 incerti

308 2064 384 2126 quae
413 2048 481 2106 tuta
511 2047 634 2128 petant,
659 2063 736 2126 quae
758 2041 917 2106 metuenda
938 2042 1118 2128 relinquant.
1164 2042 1297 2130 Ignavae
1319 2066 1425 2109 manus

307 2159 412 2226 urbem
443 2161 537 2227 totius
568 2161 684 2248 generis
713 2148 837 2226 humani
857 2185 995 2248 capacem
1014 2159 1202 2242 destituunt,
1226 2163 1285 2227 iam
1305 2161 1424 2228 facilem

307 2283 447 2368 praedam
469 2281 589 2348 Caesari
612 2280 878 2368 appropinquanti.

351 2401 432 2467 Huic
451 2401 643 2488 trepidationi
666 2402 805 2466 Lucanus
826 2400 904 2465 hanc
927 2408 1027 2464 tamen
1047 2399 1165 2464 veniam
1178 2391 1245 2465 d'at:
1258 2398 1423 2486 ipsePom·

307 2521 392 2608 peius
422 2521 547 2606 fugerat.
595 2520 697 2585 Huius
728 2522 817 2608 fugae
847 2527 948 2585 autem
978 2519 1090 2584 nullam
1114 2541 1233 2584 causam
1257 2518 1317 2583 nisi
1336 2519 1424 2583 timo-

306 2662 368 2705 rem
400 2645 487 2726 po'dta
507 2640 601 2706 affert.
648 2640 789 2726 Prodigia
813 2663 933 2725 quoque
957 2638 1054 2703 omnis
1077 2639 1195 2726 generis
1218 2638 1363 2724 populum
1386 2639 1424 2704 ad

305 2757 410 2822 urbem
440 2757 666 2843 relinquendam
695 2757 871 2845 impellunt;
898 2758 1005 2824 Livius
1036 2757 1203 2823 uberiorem
1226 2746 1422 2823 enumeratio·

305 2900 373 2942 nem
397 2883 617 2956 monstrorum,
640 2877 862 2965 prodigiorum,
887 2883 1094 2964 portentorum
1117 2877 1277 2944 memoriae
1299 2877 1423 2963 prodere

305 3018 365 3061 non
387 2996 543 3082 potuisset.

348 3116 489 3202 Figulus,
515 3117 565 3182 cui
589 3123 700 3182 secreta
720 3117 844 3182 deorum
863 3115 1000 3201 coelique
1018 3139 1126 3182 areana
1144 3138 1231 3181 nosse
1243 3139 1331 3182 curae
1343 3122 1420 3197 erat,

304 3260 340 3301 ex
374 3235 522 3302 sideribus
552 3259 674 3322 quoque
705 3237 834 3302 maxima
864 3235 943 3302 mala
967 3236 1134 3302 ominatur:
1159 3235 1279 3316 „Mara
1304 3235 1422 3321 inquit,

305 3355 385 3420 solus
416 3355 531 3420 coelum
563 3355 669 3435 habet;
703 3356 765 3420 vim
790 3356 886 3442 igitur
909 3377 1059 3420 armorum
1083 3355 1247 3440 exspectari
1271 3354 1421 3440 oportet'’.

305 3475 446 3540 Lucanus
464 3475 522 3540 iam
545 3475 670 3560 reliquis
688 3474 792 3562 Figuli
805 3475 903 3540 verbis
915 3475 1002 3540 finem
1016 3497 1115 3540 rerum
1132 3473 1291 3562 imperium
1304 3473 1423 3539 Caesari

305 3595 458 3682 designat:
495 3595 592 3676 „Cum
617 3595 738 3661 domino
762 3618 819 3683 pax
844 3593 975 3661 veniet''.

349 3714 432 3780 Plebi
450 3713 499 3779 his
518 3714 681 3802 praesagiis
705 3713 862 3780 exterritae
878 3713 990 3780 maiora
1001 3715 1093 3780 etiam
1105 3720 1247 3778 terrorem
1258 3711 1421 3778 incutiunt.

304 3835 443 3899 Matrona
475 3833 620 3918 quaedam
651 3857 702 3921 per
734 3833 837 3898 urbem
868 3857 943 3921 vaga
970 3856 1001 3899 se
1024 3832 1123 3898 videre
1146 3831 1303 3917 Philippos
1327 3831 1421 3896 excla-

305 3961 382 4028 mat,
418 3953 470 4017 ubi
505 3951 617 4017 bellum
652 3953 715 4017 sine
747 3947 834 4018 hoste
866 3953 997 4040 geritur:
1034 3975 1065 4017 se
1088 3953 1262 4038 Aegyptum
1286 3972 1420 4029 cernere,

304 4093 462 4158 agnoscere
496 4093 565 4136 eum
600 4071 651 4156 qui
690 4072 721 4136 in
756 4071 858 4136 littore
897 4071 1039 4136 delormis
1073 4071 1186 4150 iaceat,
1227 4092 1257 4134 se
1291 4075 1422 4153 arentem

305 4187 418 4276 Libyen
442 4190 590 4276 aspicere,
622 4189 740 4255 caedem
755 4175 894 4257 Caesaris¹
904 4189 934 4255 in
948 4195 1052 4256 senatu
1065 4196 1214 4277 peractam
1228 4195 1297 4254 ante
1320 4188 1422 4255 oculos
