<?xml version="1.0" encoding="UTF-8"?>
<!DOCTYPE html PUBLIC "-//W3C//DTD XHTML 1.0 Transitional//EN"
    "http://www.w3.org/TR/xhtml1/DTD/xhtml1-transitional.dtd">
<html xmlns="http://www.w3.org/1999/xhtml" xml:lang="en" lang="en">
 <head>
  <title>
</title>
<meta http-equiv="Content-Type" content="text/html;charset=utf-8" />
  <meta name='ocr-system' content='tesseract 3.04.00' />
  <meta name='ocr-capabilities' content='ocr_page ocr_carea ocr_par ocr_line ocrx_word'/>
</head>
<body>
  <div class='ocr_page' id='page_1' title='image "./delucanifontibu00singgoog_0034.png"; bbox 0 0 3296 5132; ppageno 0'>
   <div class='ocr_carea' id='block_1_1' title="bbox 748 385 790 447">
    <p class='ocr_par' dir='ltr' id='par_1_1' title="bbox 748 385 790 447">
     <span class='ocr_line' id='line_1_1' title="bbox 748 385 790 447; baseline 0.048 -2"><span class='ocrx_word' id='word_1_1' title='bbox 748 385 790 447; x_wconf 84' lang='lat'><strong>23</strong></span> 
     </span>
    </p>
   </div>
   <div class='ocr_carea' id='block_1_2' title="bbox 198 588 1321 2934">
    <p class='ocr_par' dir='ltr' id='par_1_2' title="bbox 207 588 1321 1270">
     <span class='ocr_line' id='line_1_2' title="bbox 210 588 1321 671; baseline 0.006 -18"><span class='ocrx_word' id='word_1_2' title='bbox 210 589 319 654; x_wconf 89' lang='lat' dir='ltr'><strong>bitnra.</strong></span> <span class='ocrx_word' id='word_1_3' title='bbox 366 588 396 652; x_wconf 88' lang='lat' dir='ltr'><strong>Si</strong></span> <span class='ocrx_word' id='word_1_4' title='bbox 425 594 527 652; x_wconf 88' lang='lat' dir='ltr'><strong>tantus</strong></span> <span class='ocrx_word' id='word_1_5' title='bbox 557 611 639 653; x_wconf 90' lang='lat' dir='ltr'><strong>amor</strong></span> <span class='ocrx_word' id='word_1_6' title='bbox 666 589 736 654; x_wconf 92' lang='lat' dir='ltr'><strong>belli</strong></span> <span class='ocrx_word' id='word_1_7' title='bbox 759 591 871 655; x_wconf 89' lang='lat' dir='ltr'><strong>Romae</strong></span> <span class='ocrx_word' id='word_1_8' title='bbox 895 591 1021 671; x_wconf 86' lang='lat' dir='ltr'><strong>inesset,</strong></span> <span class='ocrx_word' id='word_1_9' title='bbox 1045 592 1171 658; x_wconf 84' lang='lat' dir='ltr'><strong>facultas</strong></span> <span class='ocrx_word' id='word_1_10' title='bbox 1193 592 1321 660; x_wconf 87' lang='lat' dir='ltr'><strong>bellandi</strong></span> 
     </span>
     <span class='ocr_line' id='line_1_3' title="bbox 209 707 1318 794; baseline 0.005 -22"><span class='ocrx_word' id='word_1_11' title='bbox 209 708 327 773; x_wconf 79' lang='lat' dir='ltr'>abunde</span> <span class='ocrx_word' id='word_1_12' title='bbox 359 731 390 772; x_wconf 86' lang='lat' dir='ltr'><strong>sc</strong></span> <span class='ocrx_word' id='word_1_13' title='bbox 424 707 593 794; x_wconf 89' lang='lat' dir='ltr'><strong>praeberet:</strong></span> <span class='ocrx_word' id='word_1_14' title='bbox 618 730 793 794; x_wconf 85' lang='lat' dir='ltr'><strong>numquam</strong></span> <span class='ocrx_word' id='word_1_15' title='bbox 828 710 907 774; x_wconf 89' lang='lat' dir='ltr'><strong>enim</strong></span> <span class='ocrx_word' id='word_1_16' title='bbox 924 710 1053 775; x_wconf 80' lang='lat' dir='ltr'><strong>&#39;Romae</strong></span> <span class='ocrx_word' id='word_1_17' title='bbox 1087 712 1182 777; x_wconf 90' lang='lat' dir='ltr'><strong>hostis</strong></span> <span class='ocrx_word' id='word_1_18' title='bbox 1211 713 1318 779; x_wconf 78' lang='lat' dir='ltr'><strong>defuit.</strong></span> 
     </span>
     <span class='ocr_line' id='line_1_4' title="bbox 208 827 1318 913; baseline 0.002 -21"><span class='ocrx_word' id='word_1_19' title='bbox 208 827 317 912; x_wconf 81' lang='lat' dir='ltr'><strong>Neque</strong></span> <span class='ocrx_word' id='word_1_20' title='bbox 357 827 503 913; x_wconf 82' lang='lat' dir='ltr'>Pyrrhus,</span> <span class='ocrx_word' id='word_1_21' title='bbox 539 850 636 913; x_wconf 88' lang='lat' dir='ltr'><strong>neque</strong></span> <span class='ocrx_word' id='word_1_22' title='bbox 670 827 820 893; x_wconf 81' lang='lat' dir='ltr'>Hannibal</span> <span class='ocrx_word' id='word_1_23' title='bbox 853 835 957 894; x_wconf 80' lang='lat' dir='ltr'><strong>auctor</strong></span> <span class='ocrx_word' id='word_1_24' title='bbox 990 837 1140 895; x_wconf 83' lang='lat' dir='ltr'><strong>tantorum</strong></span> <span class='ocrx_word' id='word_1_25' title='bbox 1174 831 1318 896; x_wconf 91' lang='lat' dir='ltr'><strong>malorum</strong></span> 
     </span>
     <span class='ocr_line' id='line_1_5' title="bbox 207 945 1104 1031; baseline 0.003 -21"><span class='ocrx_word' id='word_1_26' title='bbox 207 952 282 1025; x_wconf 85' lang='lat' dir='ltr'><strong>erat,</strong></span> <span class='ocrx_word' id='word_1_27' title='bbox 306 952 418 1031; x_wconf 82' lang='lat' dir='ltr'><strong>quanta</strong></span> <span class='ocrx_word' id='word_1_28' title='bbox 440 967 522 1010; x_wconf 90' lang='lat' dir='ltr'><strong>nunc</strong></span> <span class='ocrx_word' id='word_1_29' title='bbox 544 945 725 1011; x_wconf 87' lang='lat' dir='ltr'><strong>miserrimae</strong></span> <span class='ocrx_word' id='word_1_30' title='bbox 749 946 817 1011; x_wconf 89' lang='lat' dir='ltr'><strong>urbi</strong></span> <span class='ocrx_word' id='word_1_31' title='bbox 841 947 997 1012; x_wconf 88' lang='lat' dir='ltr'><strong>subeunda</strong></span> <span class='ocrx_word' id='word_1_32' title='bbox 1019 958 1104 1014; x_wconf 88' lang='lat' dir='ltr'><strong>sunt:</strong></span> 
     </span>
     <span class='ocr_line' id='line_1_6' title="bbox 578 1049 1104 1151; baseline 0.008 -22"><span class='ocrx_word' id='word_1_33' title='bbox 578 1049 671 1144; x_wconf 69' lang='lat' dir='ltr'><strong>paulli</strong></span> <span class='ocrx_word' id='word_1_34' title='bbox 694 1065 815 1151; x_wconf 87' lang='lat' dir='ltr'><strong>penitus</strong></span> <span class='ocrx_word' id='word_1_35' title='bbox 838 1065 1003 1132; x_wconf 83' lang='lat' dir='ltr'><strong>discindere</strong></span> <span class='ocrx_word' id='word_1_36' title='bbox 1026 1067 1104 1133; x_wconf 81' lang='lat' dir='ltr'><strong>ferro</strong></span> 
     </span>
     <span class='ocr_line' id='line_1_7' title="bbox 364 1182 1171 1270; baseline 0.005 -22"><span class='ocrx_word' id='word_1_37' title='bbox 364 1182 516 1270; x_wconf 84' lang='lat' dir='ltr'><strong>Contigit:</strong></span> <span class='ocrx_word' id='word_1_38' title='bbox 544 1183 602 1248; x_wconf 87' lang='lat' dir='ltr'><strong>alta</strong></span> <span class='ocrx_word' id='word_1_39' title='bbox 625 1183 730 1248; x_wconf 82' lang='lat' dir='ltr'><strong>sedant</strong></span> <span class='ocrx_word' id='word_1_40' title='bbox 753 1184 850 1249; x_wconf 90' lang='lat' dir='ltr'><strong>civilis</strong></span> <span class='ocrx_word' id='word_1_41' title='bbox 874 1185 998 1249; x_wconf 87' lang='lat' dir='ltr'><strong>vulnera</strong></span> <span class='ocrx_word' id='word_1_42' title='bbox 1020 1185 1171 1253; x_wconf 82' lang='lat' dir='ltr'><strong>dextrae’&#39;.</strong></span> 
     </span>
    </p>

    <p class='ocr_par' dir='ltr' id='par_1_3' title="bbox 198 1301 1313 2934">
     <span class='ocr_line' id='line_1_8' title="bbox 248 1301 1312 1390; baseline 0.002 -24"><span class='ocrx_word' id='word_1_43' title='bbox 248 1301 399 1382; x_wconf 78' lang='lat' dir='ltr'><strong>Fortasse,</strong></span> <span class='ocrx_word' id='word_1_44' title='bbox 422 1309 511 1390; x_wconf 68' lang='lat' dir='ltr'><strong>pobta</strong></span> <span class='ocrx_word' id='word_1_45' title='bbox 533 1301 650 1388; x_wconf 82' lang='lat' dir='ltr'><strong>inquit,</strong></span> <span class='ocrx_word' id='word_1_46' title='bbox 673 1302 730 1366; x_wconf 88' lang='lat' dir='ltr'><strong>alia</strong></span> <span class='ocrx_word' id='word_1_47' title='bbox 752 1302 801 1367; x_wconf 84' lang='lat' dir='ltr'><strong>vis</strong></span> <span class='ocrx_word' id='word_1_48' title='bbox 823 1302 953 1367; x_wconf 86' lang='lat' dir='ltr'><strong>inveniri</strong></span> <span class='ocrx_word' id='word_1_49' title='bbox 976 1326 1036 1368; x_wconf 90' lang='lat' dir='ltr'><strong>non</strong></span> <span class='ocrx_word' id='word_1_50' title='bbox 1059 1312 1176 1390; x_wconf 84' lang='lat' dir='ltr'><strong>poterat</strong></span> <span class='ocrx_word' id='word_1_51' title='bbox 1198 1304 1312 1369; x_wconf 79' lang='lat' dir='ltr'><strong>Neroni</strong></span> 
     </span>
     <span class='ocr_line' id='line_1_9' title="bbox 205 1391 1313 1509; baseline -0.001 -21"><span class='ocrx_word' id='word_1_52' title='bbox 205 1428 344 1488; x_wconf 87' lang='lat' dir='ltr'><strong>venturo:</strong></span> <span class='ocrx_word' id='word_1_53' title='bbox 365 1421 488 1486; x_wconf 87' lang='lat' dir='ltr'><strong>fortasse</strong></span> <span class='ocrx_word' id='word_1_54' title='bbox 497 1443 605 1507; x_wconf 85' lang='lat' dir='ltr'><strong>magno</strong></span> <span class='ocrx_word' id='word_1_55' title='bbox 620 1420 716 1506; x_wconf 91' lang='lat' dir='ltr'><strong>pretio</strong></span> <span class='ocrx_word' id='word_1_56' title='bbox 728 1419 771 1484; x_wconf 90' lang='lat' dir='ltr'><strong>dii</strong></span> <span class='ocrx_word' id='word_1_57' title='bbox 787 1420 844 1485; x_wconf 86' lang='lat' dir='ltr'><strong>sibi</strong></span> <span class='ocrx_word' id='word_1_58' title='bbox 860 1428 977 1486; x_wconf 88' lang='lat' dir='ltr'><strong>aeterna</strong></span> <span class='ocrx_word' id='word_1_59' title='bbox 990 1443 1083 1507; x_wconf 86' lang='lat' dir='ltr'><strong>regna</strong></span> <span class='ocrx_word' id='word_1_60' title='bbox 1098 1391 1217 1509; x_wconf 78' lang='lat' dir='ltr'><strong>parant,</strong></span> <span class='ocrx_word' id='word_1_61' title='bbox 1236 1423 1313 1487; x_wconf 83' lang='lat' dir='ltr'>nihil</span> 
     </span>
     <span class='ocr_line' id='line_1_10' title="bbox 203 1539 1312 1628; baseline 0.003 -25"><span class='ocrx_word' id='word_1_62' title='bbox 203 1540 260 1603; x_wconf 88' lang='lat' dir='ltr'><strong>iarn</strong></span> <span class='ocrx_word' id='word_1_63' title='bbox 287 1539 415 1625; x_wconf 87' lang='lat' dir='ltr'><strong>amplius</strong></span> <span class='ocrx_word' id='word_1_64' title='bbox 441 1539 586 1623; x_wconf 87' lang='lat' dir='ltr'><strong>queritur.</strong></span> <span class='ocrx_word' id='word_1_65' title='bbox 632 1539 686 1603; x_wconf 76' lang='lat' dir='ltr'><strong>usa</strong></span> <span class='ocrx_word' id='word_1_66' title='bbox 711 1539 827 1624; x_wconf 86' lang='lat' dir='ltr'><strong>aliquid</strong></span> <span class='ocrx_word' id='word_1_67' title='bbox 849 1540 939 1604; x_wconf 90' lang='lat' dir='ltr'><strong>talem</strong></span> <span class='ocrx_word' id='word_1_68' title='bbox 961 1540 1125 1626; x_wconf 88' lang='lat' dir='ltr'><strong>principem</strong></span> <span class='ocrx_word' id='word_1_69' title='bbox 1148 1540 1191 1605; x_wconf 88' lang='lat' dir='ltr'><strong>rei</strong></span> <span class='ocrx_word' id='word_1_70' title='bbox 1214 1541 1312 1628; x_wconf 90' lang='lat' dir='ltr'><strong>publi·</strong></span> 
     </span>
     <span class='ocr_line' id='line_1_11' title="bbox 205 1658 1310 1746; baseline 0 -22"><span class='ocrx_word' id='word_1_71' title='bbox 205 1681 256 1724; x_wconf 86' lang='lat' dir='ltr'><strong>cae</strong></span> <span class='ocrx_word' id='word_1_72' title='bbox 271 1658 475 1746; x_wconf 81' lang='lat' dir='ltr'><strong>praepositum</strong></span> <span class='ocrx_word' id='word_1_73' title='bbox 499 1658 622 1724; x_wconf 87' lang='lat' dir='ltr'><strong>babere:</strong></span> <span class='ocrx_word' id='word_1_74' title='bbox 646 1659 703 1724; x_wconf 90' lang='lat' dir='ltr'><strong>tale</strong></span> <span class='ocrx_word' id='word_1_75' title='bbox 725 1658 902 1724; x_wconf 86' lang='lat' dir='ltr'><strong>beneficium</strong></span> <span class='ocrx_word' id='word_1_76' title='bbox 925 1659 1020 1724; x_wconf 91' lang='lat' dir='ltr'><strong>nimio</strong></span> <span class='ocrx_word' id='word_1_77' title='bbox 1043 1659 1101 1724; x_wconf 90' lang='lat' dir='ltr'><strong>emi</strong></span> <span class='ocrx_word' id='word_1_78' title='bbox 1119 1683 1179 1724; x_wconf 91' lang='lat' dir='ltr'><strong>non</strong></span> <span class='ocrx_word' id='word_1_79' title='bbox 1197 1667 1310 1746; x_wconf 88' lang='lat' dir='ltr'><strong>potest:</strong></span> 
     </span>
     <span class='ocr_line' id='line_1_12' title="bbox 203 1777 1311 1865; baseline 0.003 -24"><span class='ocrx_word' id='word_1_80' title='bbox 203 1778 332 1842; x_wconf 88' lang='lat' dir='ltr'><strong>multum</strong></span> <span class='ocrx_word' id='word_1_81' title='bbox 365 1779 459 1865; x_wconf 87' lang='lat' dir='ltr'><strong>igitur</strong></span> <span class='ocrx_word' id='word_1_82' title='bbox 488 1777 584 1843; x_wconf 91' lang='lat' dir='ltr'><strong>Roma</strong></span> <span class='ocrx_word' id='word_1_83' title='bbox 611 1778 751 1844; x_wconf 86' lang='lat' dir='ltr'><strong>civilibus</strong></span> <span class='ocrx_word' id='word_1_84' title='bbox 778 1779 868 1844; x_wconf 89' lang='lat' dir='ltr'><strong>armis</strong></span> <span class='ocrx_word' id='word_1_85' title='bbox 895 1778 1000 1857; x_wconf 89' lang='lat' dir='ltr'><strong>debet,</strong></span> <span class='ocrx_word' id='word_1_86' title='bbox 1028 1780 1108 1863; x_wconf 87' lang='lat' dir='ltr'><strong>quod</strong></span> <span class='ocrx_word' id='word_1_87' title='bbox 1134 1780 1172 1845; x_wconf 92' lang='lat' dir='ltr'><strong>iis</strong></span> <span class='ocrx_word' id='word_1_88' title='bbox 1199 1784 1311 1844; x_wconf 89' lang='lat' dir='ltr'><strong>facturn</strong></span> 
     </span>
     <span class='ocr_line' id='line_1_13' title="bbox 202 1897 1311 1984; baseline 0 -22"><span class='ocrx_word' id='word_1_89' title='bbox 202 1904 264 1977; x_wconf 87' lang='lat' dir='ltr'><strong>est,</strong></span> <span class='ocrx_word' id='word_1_90' title='bbox 294 1905 327 1962; x_wconf 94' lang='lat' dir='ltr'><strong>ut</strong></span> <span class='ocrx_word' id='word_1_91' title='bbox 352 1905 399 1978; x_wconf 89' lang='lat' dir='ltr'><strong>te,</strong></span> <span class='ocrx_word' id='word_1_92' title='bbox 426 1897 527 1964; x_wconf 83' lang='lat' dir='ltr'><strong>Nero!</strong></span> <span class='ocrx_word' id='word_1_93' title='bbox 552 1898 734 1984; x_wconf 85' lang='lat' dir='ltr'>principem,</span> <span class='ocrx_word' id='word_1_94' title='bbox 759 1905 788 1963; x_wconf 89' lang='lat' dir='ltr'><strong>te</strong></span> <span class='ocrx_word' id='word_1_95' title='bbox 811 1900 898 1964; x_wconf 89' lang='lat' dir='ltr'><strong>deum</strong></span> <span class='ocrx_word' id='word_1_96' title='bbox 923 1899 1093 1965; x_wconf 83' lang='lat' dir='ltr'><strong>babeamus.</strong></span> <span class='ocrx_word' id='word_1_97' title='bbox 1138 1899 1210 1964; x_wconf 91' lang='lat' dir='ltr'><strong>Nou</strong></span> <span class='ocrx_word' id='word_1_98' title='bbox 1233 1899 1311 1964; x_wconf 90' lang='lat' dir='ltr'><strong>enim</strong></span> 
     </span>
     <span class='ocr_line' id='line_1_14' title="bbox 202 2015 1310 2102; baseline 0.001 -22"><span class='ocrx_word' id='word_1_99' title='bbox 202 2015 341 2080; x_wconf 87' lang='lat' dir='ltr'><strong>Lucanus</strong></span> <span class='ocrx_word' id='word_1_100' title='bbox 374 2016 495 2082; x_wconf 88' lang='lat' dir='ltr'><strong>dubitat</strong></span> <span class='ocrx_word' id='word_1_101' title='bbox 528 2017 601 2102; x_wconf 93' lang='lat' dir='ltr'><strong>quin</strong></span> <span class='ocrx_word' id='word_1_102' title='bbox 634 2017 718 2082; x_wconf 88' lang='lat' dir='ltr'><strong>Nero</strong></span> <span class='ocrx_word' id='word_1_103' title='bbox 755 2019 902 2098; x_wconf 51' lang='lat' dir='ltr'><strong>&#39;‘statione</strong></span> <span class='ocrx_word' id='word_1_104' title='bbox 935 2017 1057 2083; x_wconf 86' lang='lat' dir='ltr'><strong>relicta&#39;&#39;</strong></span> <span class='ocrx_word' id='word_1_105' title='bbox 1095 2019 1168 2084; x_wconf 87' lang='lat' dir='ltr'><strong>deus</strong></span> <span class='ocrx_word' id='word_1_106' title='bbox 1198 2019 1310 2098; x_wconf 87' lang='lat' dir='ltr'><strong>factas,</strong></span> 
     </span>
     <span class='ocr_line' id='line_1_15' title="bbox 202 2135 1313 2223; baseline 0 -23"><span class='ocrx_word' id='word_1_107' title='bbox 202 2143 281 2200; x_wconf 87' lang='lat' dir='ltr'><strong>astra</strong></span> <span class='ocrx_word' id='word_1_108' title='bbox 306 2137 456 2222; x_wconf 88' lang='lat' dir='ltr'><strong>petiturus</strong></span> <span class='ocrx_word' id='word_1_109' title='bbox 483 2137 533 2202; x_wconf 88' lang='lat' dir='ltr'><strong>sit.</strong></span> <span class='ocrx_word' id='word_1_110' title='bbox 584 2137 668 2200; x_wconf 86' lang='lat' dir='ltr'><strong>Tunc</strong></span> <span class='ocrx_word' id='word_1_111' title='bbox 694 2159 788 2222; x_wconf 84' lang='lat' dir='ltr'><strong>genus</strong></span> <span class='ocrx_word' id='word_1_112' title='bbox 815 2135 980 2200; x_wconf 86' lang='lat' dir='ltr'><strong>humanum</strong></span> <span class='ocrx_word' id='word_1_113' title='bbox 1006 2137 1096 2200; x_wconf 88' lang='lat' dir='ltr'><strong>armis</strong></span> <span class='ocrx_word' id='word_1_114' title='bbox 1122 2136 1227 2223; x_wconf 85' lang='lat' dir='ltr'><strong>positis</strong></span> <span class='ocrx_word' id='word_1_115' title='bbox 1255 2136 1313 2200; x_wconf 90' lang='lat' dir='ltr'><strong>sibi</strong></span> 
     </span>
     <span class='ocr_line' id='line_1_16' title="bbox 201 2253 1313 2342; baseline -0.002 -22"><span class='ocrx_word' id='word_1_116' title='bbox 201 2256 354 2335; x_wconf 83' lang='lat' dir='ltr'><strong>consulct3</strong></span> <span class='ocrx_word' id='word_1_117' title='bbox 383 2278 504 2342; x_wconf 66' lang='lat' dir='ltr'><strong>„aspera</strong></span> <span class='ocrx_word' id='word_1_118' title='bbox 531 2262 594 2318; x_wconf 84' lang='lat' dir='ltr'><strong>tum</strong></span> <span class='ocrx_word' id='word_1_119' title='bbox 621 2255 729 2341; x_wconf 87' lang='lat' dir='ltr'><strong>positis</strong></span> <span class='ocrx_word' id='word_1_120' title='bbox 743 2254 905 2340; x_wconf 83' lang='lat' dir='ltr'><strong>mitescunt</strong></span> <span class='ocrx_word' id='word_1_121' title='bbox 920 2255 1037 2320; x_wconf 89' lang='lat' dir='ltr'><strong>saecula</strong></span> <span class='ocrx_word' id='word_1_122' title='bbox 1050 2253 1157 2319; x_wconf 86' lang='lat' dir='ltr'><strong>bellis’&#39;</strong></span> <span class='ocrx_word' id='word_1_123' title='bbox 1166 2305 1174 2334; x_wconf 93' lang='lat'>,</span> <span class='ocrx_word' id='word_1_124' title='bbox 1201 2253 1313 2318; x_wconf 90' lang='lat' dir='ltr'><strong>utVir·</strong></span> 
     </span>
     <span class='ocr_line' id='line_1_17' title="bbox 199 2373 1313 2460; baseline -0.003 -21"><span class='ocrx_word' id='word_1_125' title='bbox 199 2375 291 2458; x_wconf 82' lang='lat' dir='ltr'><strong>gilius</strong></span> <span class='ocrx_word' id='word_1_126' title='bbox 317 2375 397 2440; x_wconf 87' lang='lat' dir='ltr'><strong>canit</strong></span> <span class='ocrx_word' id='word_1_127' title='bbox 426 2377 466 2460; x_wconf 88' lang='lat'><strong>¹),</strong></span> <span class='ocrx_word' id='word_1_128' title='bbox 492 2381 565 2439; x_wconf 88' lang='lat' dir='ltr'><strong>tunc</strong></span> <span class='ocrx_word' id='word_1_129' title='bbox 591 2396 715 2460; x_wconf 86' lang='lat' dir='ltr'><strong>regnum</strong></span> <span class='ocrx_word' id='word_1_130' title='bbox 743 2373 825 2460; x_wconf 84' lang='lat' dir='ltr'><strong>pacis</strong></span> <span class='ocrx_word' id='word_1_131' title='bbox 851 2381 942 2458; x_wconf 88' lang='lat' dir='ltr'><strong>atque</strong></span> <span class='ocrx_word' id='word_1_132' title='bbox 966 2373 1076 2438; x_wconf 88' lang='lat' dir='ltr'><strong>amoris</strong></span> <span class='ocrx_word' id='word_1_133' title='bbox 1088 2373 1201 2453; x_wconf 85' lang='lat' dir='ltr'><strong>veniet,</strong></span> <span class='ocrx_word' id='word_1_134' title='bbox 1216 2374 1313 2436; x_wconf 88' lang='lat' dir='ltr'><strong>omnis</strong></span> 
     </span>
     <span class='ocr_line' id='line_1_18' title="bbox 200 2492 1312 2580; baseline -0.001 -23"><span class='ocrx_word' id='word_1_135' title='bbox 200 2493 328 2559; x_wconf 89' lang='lat' dir='ltr'><strong>invicem</strong></span> <span class='ocrx_word' id='word_1_136' title='bbox 355 2517 386 2558; x_wconf 88' lang='lat' dir='ltr'><strong>se</strong></span> <span class='ocrx_word' id='word_1_137' title='bbox 408 2516 481 2580; x_wconf 86' lang='lat' dir='ltr'><strong>gens</strong></span> <span class='ocrx_word' id='word_1_138' title='bbox 507 2493 632 2572; x_wconf 82' lang='lat' dir='ltr'><strong>amabit3</strong></span> <span class='ocrx_word' id='word_1_139' title='bbox 661 2499 749 2579; x_wconf 87' lang='lat' dir='ltr'><strong>po&#39;c&#39;ta</strong></span> <span class='ocrx_word' id='word_1_140' title='bbox 776 2492 832 2558; x_wconf 90' lang='lat' dir='ltr'><strong>sibi</strong></span> <span class='ocrx_word' id='word_1_141' title='bbox 850 2492 972 2558; x_wconf 83' lang='lat' dir='ltr'><strong>videtur</strong></span> <span class='ocrx_word' id='word_1_142' title='bbox 983 2499 1051 2558; x_wconf 90' lang='lat' dir='ltr'><strong>tum</strong></span> <span class='ocrx_word' id='word_1_143' title='bbox 1063 2493 1183 2558; x_wconf 87' lang='lat' dir='ltr'><strong>domum</strong></span> <span class='ocrx_word' id='word_1_144' title='bbox 1194 2499 1312 2578; x_wconf 86' lang='lat' dir='ltr'><strong>tempus</strong></span> 
     </span>
     <span class='ocr_line' id='line_1_19' title="bbox 198 2611 1311 2698; baseline -0.002 -22"><span class='ocrx_word' id='word_1_145' title='bbox 198 2612 373 2678; x_wconf 88' lang='lat' dir='ltr'><strong>adfuturum</strong></span> <span class='ocrx_word' id='word_1_146' title='bbox 404 2635 484 2692; x_wconf 87' lang='lat' dir='ltr'><strong>esse,</strong></span> <span class='ocrx_word' id='word_1_147' title='bbox 516 2619 551 2676; x_wconf 90' lang='lat' dir='ltr'><strong>ut</strong></span> <span class='ocrx_word' id='word_1_148' title='bbox 581 2612 679 2677; x_wconf 85' lang='lat' dir='ltr'><strong>vorbis</strong></span> <span class='ocrx_word' id='word_1_149' title='bbox 708 2612 821 2676; x_wconf 85' lang='lat' dir='ltr'><strong>Iesaiae</strong></span> <span class='ocrx_word' id='word_1_150' title='bbox 853 2612 931 2676; x_wconf 86' lang='lat' dir='ltr'><strong>vatis</strong></span> <span class='ocrx_word' id='word_1_151' title='bbox 961 2619 1029 2676; x_wconf 92' lang='lat' dir='ltr'><strong>utar</strong></span> <span class='ocrx_word' id='word_1_152' title='bbox 1060 2615 1105 2698; x_wconf 79' lang='lat'><strong>²):</strong></span> <span class='ocrx_word' id='word_1_153' title='bbox 1126 2611 1311 2698; x_wconf 55' lang='lat' dir='ltr'><strong>&#39;&#39;quolupus</strong></span> 
     </span>
     <span class='ocr_line' id='line_1_20' title="bbox 198 2729 1310 2818; baseline -0.002 -22"><span class='ocrx_word' id='word_1_154' title='bbox 198 2755 267 2796; x_wconf 89' lang='lat' dir='ltr'><strong>cam</strong></span> <span class='ocrx_word' id='word_1_155' title='bbox 294 2755 371 2818; x_wconf 83' lang='lat' dir='ltr'><strong>agno</strong></span> <span class='ocrx_word' id='word_1_156' title='bbox 398 2731 562 2811; x_wconf 81' lang='lat' dir='ltr'><strong>habitabit,</strong></span> <span class='ocrx_word' id='word_1_157' title='bbox 590 2731 701 2818; x_wconf 88' lang='lat' dir='ltr'><strong>pardus</strong></span> <span class='ocrx_word' id='word_1_158' title='bbox 729 2753 799 2796; x_wconf 90' lang='lat' dir='ltr'><strong>cum</strong></span> <span class='ocrx_word' id='word_1_159' title='bbox 825 2731 922 2796; x_wconf 90' lang='lat' dir='ltr'><strong>hoedo</strong></span> <span class='ocrx_word' id='word_1_160' title='bbox 949 2730 1122 2810; x_wconf 88' lang='lat' dir='ltr'><strong>accumbet,</strong></span> <span class='ocrx_word' id='word_1_161' title='bbox 1146 2729 1258 2794; x_wconf 86' lang='lat' dir='ltr'><strong>vitulus</strong></span> <span class='ocrx_word' id='word_1_162' title='bbox 1281 2737 1310 2794; x_wconf 85' lang='lat' dir='ltr'><strong>et</strong></span> 
     </span>
     <span class='ocr_line' id='line_1_21' title="bbox 198 2849 1307 2934; baseline -0.002 -20"><span class='ocrx_word' id='word_1_163' title='bbox 198 2849 245 2914; x_wconf 90' lang='lat' dir='ltr'><strong>leo</strong></span> <span class='ocrx_word' id='word_1_164' title='bbox 272 2857 304 2914; x_wconf 90' lang='lat' dir='ltr'><strong>et</strong></span> <span class='ocrx_word' id='word_1_165' title='bbox 333 2850 399 2914; x_wconf 88' lang='lat' dir='ltr'><strong>ovis</strong></span> <span class='ocrx_word' id='word_1_166' title='bbox 428 2849 520 2914; x_wconf 88' lang='lat' dir='ltr'><strong>simul</strong></span> <span class='ocrx_word' id='word_1_167' title='bbox 546 2849 740 2914; x_wconf 87' lang='lat' dir='ltr'><strong>morabuntur</strong></span> <span class='ocrx_word' id='word_1_168' title='bbox 766 2855 796 2914; x_wconf 94' lang='lat' dir='ltr'><strong>et</strong></span> <span class='ocrx_word' id='word_1_169' title='bbox 823 2849 936 2914; x_wconf 88' lang='lat' dir='ltr'><strong>vitulus</strong></span> <span class='ocrx_word' id='word_1_170' title='bbox 963 2855 994 2914; x_wconf 90' lang='lat' dir='ltr'><strong>et</strong></span> <span class='ocrx_word' id='word_1_171' title='bbox 1020 2871 1107 2914; x_wconf 89' lang='lat' dir='ltr'><strong>ursus</strong></span> <span class='ocrx_word' id='word_1_172' title='bbox 1133 2855 1307 2934; x_wconf 87' lang='lat' dir='ltr'><strong>pascentur,</strong></span> 
     </span>
    </p>
   </div>
   <div class='ocr_carea' id='block_1_3' title="bbox 196 2941 1309 3294">
    <p class='ocr_par' dir='ltr' id='par_1_4' title="bbox 196 2941 1309 3294">
     <span class='ocr_line' id='line_1_22' title="bbox 197 2941 1309 3054; baseline 0.002 -24"><span class='ocrx_word' id='word_1_173' title='bbox 197 2968 286 3033; x_wconf 87' lang='lat' dir='ltr'><strong>simul</strong></span> <span class='ocrx_word' id='word_1_174' title='bbox 309 2967 482 3054; x_wconf 87' lang='lat' dir='ltr'><strong>acquisceut</strong></span> <span class='ocrx_word' id='word_1_175' title='bbox 504 2968 597 3032; x_wconf 86' lang='lat' dir='ltr'><strong>catuli</strong></span> <span class='ocrx_word' id='word_1_176' title='bbox 617 2990 717 3032; x_wconf 89' lang='lat' dir='ltr'><strong>corum</strong></span> <span class='ocrx_word' id='word_1_177' title='bbox 727 3019 735 3048; x_wconf 92' lang='lat'>,</span> <span class='ocrx_word' id='word_1_178' title='bbox 757 2975 786 3033; x_wconf 90' lang='lat' dir='ltr'><strong>et</strong></span> <span class='ocrx_word' id='word_1_179' title='bbox 805 2966 852 3031; x_wconf 84' lang='lat' dir='ltr'><strong>leo</strong></span> <span class='ocrx_word' id='word_1_180' title='bbox 872 2967 958 3051; x_wconf 89' lang='lat' dir='ltr'><strong>quasi</strong></span> <span class='ocrx_word' id='word_1_181' title='bbox 980 2941 1033 3032; x_wconf 89' lang='lat' dir='ltr'><strong>bos</strong></span> <span class='ocrx_word' id='word_1_182' title='bbox 1053 2967 1152 3053; x_wconf 87' lang='lat' dir='ltr'><strong>paleas</strong></span> <span class='ocrx_word' id='word_1_183' title='bbox 1170 2967 1309 3032; x_wconf 89' lang='lat' dir='ltr'><strong>comedit.</strong></span> 
     </span>
     <span class='ocr_line' id='line_1_23' title="bbox 196 3085 1307 3172; baseline 0 -22"><span class='ocrx_word' id='word_1_184' title='bbox 196 3087 237 3151; x_wconf 83' lang='lat' dir='ltr'><strong>Et</strong></span> <span class='ocrx_word' id='word_1_185' title='bbox 263 3086 458 3152; x_wconf 88' lang='lat' dir='ltr'><strong>delectabitur</strong></span> <span class='ocrx_word' id='word_1_186' title='bbox 483 3087 584 3151; x_wconf 88' lang='lat' dir='ltr'><strong>infans</strong></span> <span class='ocrx_word' id='word_1_187' title='bbox 611 3087 647 3152; x_wconf 93' lang='lat' dir='ltr'><strong>ab</strong></span> <span class='ocrx_word' id='word_1_188' title='bbox 674 3086 764 3152; x_wconf 89' lang='lat' dir='ltr'><strong>ubere</strong></span> <span class='ocrx_word' id='word_1_189' title='bbox 791 3109 879 3172; x_wconf 90' lang='lat' dir='ltr'><strong>super</strong></span> <span class='ocrx_word' id='word_1_190' title='bbox 903 3085 1047 3150; x_wconf 86' lang='lat' dir='ltr'><strong>foramine</strong></span> <span class='ocrx_word' id='word_1_191' title='bbox 1070 3085 1199 3172; x_wconf 86' lang='lat' dir='ltr'><strong>aspidis,</strong></span> <span class='ocrx_word' id='word_1_192' title='bbox 1223 3093 1252 3148; x_wconf 91' lang='lat' dir='ltr'><strong>ct</strong></span> <span class='ocrx_word' id='word_1_193' title='bbox 1276 3085 1307 3150; x_wconf 90' lang='lat' dir='ltr'><strong>iu</strong></span> 
     </span>
     <span class='ocr_line' id='line_1_24' title="bbox 196 3204 1307 3294; baseline -0.004 -23"><span class='ocrx_word' id='word_1_194' title='bbox 196 3229 322 3272; x_wconf 87' lang='lat' dir='ltr'><strong>caverna</strong></span> <span class='ocrx_word' id='word_1_195' title='bbox 348 3207 452 3294; x_wconf 82' lang='lat' dir='ltr'><strong>reguli</strong></span> <span class='ocrx_word' id='word_1_196' title='bbox 470 3207 523 3292; x_wconf 91' lang='lat' dir='ltr'><strong>qui</strong></span> <span class='ocrx_word' id='word_1_197' title='bbox 546 3205 710 3270; x_wconf 85' lang='lat' dir='ltr'><strong>ablactatus</strong></span> <span class='ocrx_word' id='word_1_198' title='bbox 734 3204 825 3270; x_wconf 85' lang='lat' dir='ltr'><strong>fuerit</strong></span> <span class='ocrx_word' id='word_1_199' title='bbox 849 3227 970 3268; x_wconf 87' lang='lat' dir='ltr'><strong>manum</strong></span> <span class='ocrx_word' id='word_1_200' title='bbox 993 3227 1078 3270; x_wconf 85' lang='lat' dir='ltr'><strong>suam</strong></span> <span class='ocrx_word' id='word_1_201' title='bbox 1102 3204 1211 3268; x_wconf 87' lang='lat' dir='ltr'><strong>mittet.</strong></span> <span class='ocrx_word' id='word_1_202' title='bbox 1234 3204 1307 3268; x_wconf 88' lang='lat' dir='ltr'><strong>Non</strong></span> 
     </span>
    </p>
   </div>
   <div class='ocr_carea' id='block_1_4' title="bbox 196 3324 1307 3767">
    <p class='ocr_par' dir='ltr' id='par_1_5' title="bbox 196 3324 657 3412">
     <span class='ocr_line' id='line_1_25' title="bbox 196 3324 657 3412; baseline 0 -20"><span class='ocrx_word' id='word_1_203' title='bbox 196 3326 347 3392; x_wconf 88' lang='lat' dir='ltr'><strong>nocebunt</strong></span> <span class='ocrx_word' id='word_1_204' title='bbox 371 3349 467 3412; x_wconf 88' lang='lat' dir='ltr'><strong>nequo</strong></span> <span class='ocrx_word' id='word_1_205' title='bbox 490 3324 657 3392; x_wconf 87' lang='lat' dir='ltr'><strong>occideut’&#39;.</strong></span> 
     </span>
    </p>

    <p class='ocr_par' dir='ltr' id='par_1_6' title="bbox 196 3441 1307 3767">
     <span class='ocr_line' id='line_1_26' title="bbox 239 3441 1307 3510; baseline -0.006 0"><span class='ocrx_word' id='word_1_206' title='bbox 239 3445 332 3510; x_wconf 69' lang='lat' dir='ltr'><strong>Poeta</strong></span> <span class='ocrx_word' id='word_1_207' title='bbox 358 3453 458 3510; x_wconf 86' lang='lat' dir='ltr'><strong>autem</strong></span> <span class='ocrx_word' id='word_1_208' title='bbox 485 3467 546 3509; x_wconf 89' lang='lat' dir='ltr'><strong>nou</strong></span> <span class='ocrx_word' id='word_1_209' title='bbox 573 3445 677 3509; x_wconf 87' lang='lat' dir='ltr'><strong>Musas</strong></span> <span class='ocrx_word' id='word_1_210' title='bbox 704 3445 900 3509; x_wconf 87' lang='lat' dir='ltr'><strong>invocaturus</strong></span> <span class='ocrx_word' id='word_1_211' title='bbox 927 3451 985 3508; x_wconf 88' lang='lat' dir='ltr'><strong>est:</strong></span> <span class='ocrx_word' id='word_1_212' title='bbox 1016 3443 1098 3507; x_wconf 91' lang='lat' dir='ltr'><strong>Deus</strong></span> <span class='ocrx_word' id='word_1_213' title='bbox 1124 3441 1207 3506; x_wconf 86' lang='lat' dir='ltr'><strong>Nero</strong></span> <span class='ocrx_word' id='word_1_214' title='bbox 1235 3441 1307 3505; x_wconf 86' lang='lat' dir='ltr'><strong>satis</strong></span> 
     </span>
     <span class='ocr_line' id='line_1_27' title="bbox 196 3562 1307 3647; baseline -0.006 -17"><span class='ocrx_word' id='word_1_215' title='bbox 196 3567 252 3631; x_wconf 88' lang='lat' dir='ltr'><strong>erit</strong></span> <span class='ocrx_word' id='word_1_216' title='bbox 283 3565 321 3631; x_wconf 89' lang='lat' dir='ltr'><strong>ad</strong></span> <span class='ocrx_word' id='word_1_217' title='bbox 348 3564 425 3628; x_wconf 86' lang='lat' dir='ltr'><strong>vires</strong></span> <span class='ocrx_word' id='word_1_218' title='bbox 451 3563 562 3628; x_wconf 85' lang='lat' dir='ltr'><strong>dandas</strong></span> <span class='ocrx_word' id='word_1_219' title='bbox 589 3563 620 3628; x_wconf 91' lang='lat' dir='ltr'><strong>in</strong></span> <span class='ocrx_word' id='word_1_220' title='bbox 644 3563 782 3628; x_wconf 87' lang='lat' dir='ltr'><strong>Carmina</strong></span> <span class='ocrx_word' id='word_1_221' title='bbox 808 3565 957 3628; x_wconf 85' lang='lat' dir='ltr'><strong>Romana:</strong></span> <span class='ocrx_word' id='word_1_222' title='bbox 986 3584 1046 3627; x_wconf 84' lang='lat' dir='ltr'><strong>nori</strong></span> <span class='ocrx_word' id='word_1_223' title='bbox 1072 3562 1131 3626; x_wconf 89' lang='lat' dir='ltr'><strong>iam</strong></span> <span class='ocrx_word' id='word_1_224' title='bbox 1159 3583 1236 3647; x_wconf 89' lang='lat' dir='ltr'><strong>opus</strong></span> <span class='ocrx_word' id='word_1_225' title='bbox 1262 3567 1307 3624; x_wconf 88' lang='lat' dir='ltr'><strong>est</strong></span> 
     </span>
     <span class='ocr_line' id='line_1_28' title="bbox 198 3681 1013 3767; baseline -0.006 -17"><span class='ocrx_word' id='word_1_226' title='bbox 198 3694 231 3750; x_wconf 91' lang='lat' dir='ltr'><strong>ut</strong></span> <span class='ocrx_word' id='word_1_227' title='bbox 253 3684 327 3749; x_wconf 88' lang='lat' dir='ltr'><strong>deus</strong></span> <span class='ocrx_word' id='word_1_228' title='bbox 351 3684 420 3748; x_wconf 85' lang='lat' dir='ltr'><strong>irat:</strong></span> <span class='ocrx_word' id='word_1_229' title='bbox 446 3681 537 3762; x_wconf 89' lang='lat' dir='ltr'><strong>mihi,</strong></span> <span class='ocrx_word' id='word_1_230' title='bbox 561 3682 678 3767; x_wconf 88' lang='lat' dir='ltr'><strong>inquit,</strong></span> <span class='ocrx_word' id='word_1_231' title='bbox 703 3683 762 3748; x_wconf 85' lang='lat' dir='ltr'><strong>iarn</strong></span> <span class='ocrx_word' id='word_1_232' title='bbox 785 3705 897 3747; x_wconf 86' lang='lat' dir='ltr'><strong>numen</strong></span> <span class='ocrx_word' id='word_1_233' title='bbox 920 3703 951 3745; x_wconf 89' lang='lat' dir='ltr'><strong>es</strong></span> <span class='ocrx_word' id='word_1_234' title='bbox 976 3683 1013 3764; x_wconf 83' lang='lat'><strong>³).</strong></span> 
     </span>
    </p>
   </div>
   <div class='ocr_carea' id='block_1_5' title="bbox 225 3923 530 4076">
    <p class='ocr_par' dir='ltr' id='par_1_7' title="bbox 225 3923 530 4076">
     <span class='ocr_line' id='line_1_29' title="bbox 226 3923 530 3994; baseline -0.02 -13"><span class='ocrx_word' id='word_1_235' title='bbox 226 3927 246 3994; x_wconf 91' lang='lat'><strong>¹)</strong></span> <span class='ocrx_word' id='word_1_236' title='bbox 265 3924 331 3980; x_wconf 83' lang='lat' dir='ltr'><strong>Aea.</strong></span> <span class='ocrx_word' id='word_1_237' title='bbox 350 3923 373 3978; x_wconf 92' lang='lat' dir='ltr'><strong>I.</strong></span> <span class='ocrx_word' id='word_1_238' title='bbox 393 3923 453 3978; x_wconf 75' lang='lat'><strong>291.</strong></span> <span class='ocrx_word' id='word_1_239' title='bbox 527 3944 530 3950; x_wconf 47' lang='lat'><strong>¹</strong></span> 
     </span>
     <span class='ocr_line' id='line_1_30' title="bbox 225 4007 383 4076; baseline -0.006 -9"><span class='ocrx_word' id='word_1_240' title='bbox 225 4012 245 4076; x_wconf 75' lang='lat'><strong>²)</strong></span> <span class='ocrx_word' id='word_1_241' title='bbox 264 4011 315 4067; x_wconf 89' lang='lat' dir='ltr'><strong>les.</strong></span> <span class='ocrx_word' id='word_1_242' title='bbox 333 4007 383 4066; x_wconf 80' lang='lat' dir='ltr'><strong>xi.</strong></span> 
     </span>
    </p>
   </div>
   <div class='ocr_carea' id='block_1_6' title="bbox 190 4084 1309 4264">
    <p class='ocr_par' dir='ltr' id='par_1_8' title="bbox 190 4084 1309 4264">
     <span class='ocr_line' id='line_1_31' title="bbox 225 4084 1309 4168; baseline -0.015 -15"><span class='ocrx_word' id='word_1_243' title='bbox 225 4099 246 4168; x_wconf 62' lang='grc' dir='ltr'><strong>ε)</strong></span> <span class='ocrx_word' id='word_1_244' title='bbox 264 4097 360 4152; x_wconf 87' lang='lat' dir='ltr'><strong>Paucis</strong></span> <span class='ocrx_word' id='word_1_245' title='bbox 397 4095 463 4150; x_wconf 87' lang='lat' dir='ltr'><strong>libet</strong></span> <span class='ocrx_word' id='word_1_246' title='bbox 492 4095 620 4164; x_wconf 86' lang='lat' dir='ltr'><strong>attingere</strong></span> <span class='ocrx_word' id='word_1_247' title='bbox 651 4094 780 4164; x_wconf 87' lang='lat' dir='ltr'><strong>quantum</strong></span> <span class='ocrx_word' id='word_1_248' title='bbox 812 4091 876 4144; x_wconf 87' lang='lat' dir='ltr'><strong>haec</strong></span> <span class='ocrx_word' id='word_1_249' title='bbox 909 4108 924 4143; x_wconf 88' lang='lat' dir='ltr'><strong>a</strong></span> <span class='ocrx_word' id='word_1_250' title='bbox 955 4087 1064 4143; x_wconf 81' lang='lat' dir='ltr'><strong>Lucano</strong></span> <span class='ocrx_word' id='word_1_251' title='bbox 1103 4087 1166 4142; x_wconf 87' lang='lat' dir='ltr'><strong>ficta</strong></span> <span class='ocrx_word' id='word_1_252' title='bbox 1196 4084 1309 4140; x_wconf 81' lang='lat' dir='ltr'><strong>Neronis</strong></span> 
     </span>
     <span class='ocr_line' id='line_1_32' title="bbox 190 4170 1309 4264; baseline -0.014 -20"><span class='ocrx_word' id='word_1_253' title='bbox 190 4183 338 4264; x_wconf 80' lang='lat' dir='ltr'><strong>apotheosis</strong></span> <span class='ocrx_word' id='word_1_254' title='bbox 357 4181 504 4260; x_wconf 75' lang='lat' dir='ltr'><strong>virgiliana</strong></span> <span class='ocrx_word' id='word_1_255' title='bbox 522 4180 638 4247; x_wconf 79' lang='lat' dir='ltr'><strong>differat,</strong></span> <span class='ocrx_word' id='word_1_256' title='bbox 657 4197 736 4254; x_wconf 84' lang='lat' dir='ltr'><strong>qaam</strong></span> <span class='ocrx_word' id='word_1_257' title='bbox 754 4177 783 4235; x_wconf 86' lang='lat' dir='ltr'><strong>ia</strong></span> <span class='ocrx_word' id='word_1_258' title='bbox 801 4175 936 4250; x_wconf 82' lang='lat' dir='ltr'><strong>Georgicis</strong></span> <span class='ocrx_word' id='word_1_259' title='bbox 958 4173 1107 4233; x_wconf 85' lang='lat' dir='ltr'><strong>invenimus</strong></span> <span class='ocrx_word' id='word_1_260' title='bbox 1118 4173 1143 4247; x_wconf 78' lang='grc' dir='ltr'><strong>(Ι</strong></span> <span class='ocrx_word' id='word_1_261' title='bbox 1161 4174 1215 4246; x_wconf 76' lang='lat'><strong>24).</strong></span> <span class='ocrx_word' id='word_1_262' title='bbox 1251 4170 1309 4228; x_wconf 85' lang='lat' dir='ltr'><strong>Vir·</strong></span> 
     </span>
    </p>
   </div>
   <div class='ocr_carea' id='block_1_7' title="bbox 0 0 1652 5132">
    <p class='ocr_par' dir='ltr' id='par_1_9' title="bbox 0 0 1652 5132">
     <span class='ocr_line' id='line_1_33' title="bbox 0 0 1652 5132; baseline 0 8"><span class='ocrx_word' id='word_1_263' title='bbox 0 0 1652 5132; x_wconf 95' lang='lat' dir='ltr'><strong> </strong></span> 
     </span>
    </p>
   </div>
  </div>
 </body>
</html>
