3296 5132
861 428 879 488 2

309 625 505 694 Genethliaco
527 627 643 694 Lucani
666 627 763 693 dulcis
785 637 909 692 vocatus
925 630 966 714 ¹),
991 629 1077 694 cuins
1100 633 1238 707 cadauer
1259 626 1423 694 dorero'ra·

307 769 358 810 τον
376 746 500 814 Cassius
518 747 579 814 Dio
597 747 743 813 servavit:
767 747 818 812 τὸν
841 745 992 812 Κλαύδιον
1007 746 1166 828 ἀγκίστρῳ
1181 749 1212 820 ἐς
1234 749 1424 830 circipanis

307 867 510 948 ἀνενεχθῆναι
524 871 562 955 ⁹).

349 986 396 1052 De
426 988 521 1054 Lucio
551 990 676 1056 Annaeo
704 986 816 1052 Seneca
843 987 978 1073 pluribus
1008 987 1152 1054 disserere
1179 1010 1253 1074 opus
1275 1010 1336 1053 non
1360 999 1423 1069 est,

306 1127 400 1190 quum
431 1129 507 1191 quae
529 1106 651 1196 plurimi
680 1106 717 1172 de
747 1128 782 1170 eo
810 1105 1001 1192 scripserint,
1025 1127 1128 1171 omnes
1152 1106 1348 1194 inpromptu
1371 1108 1422 1172 ha·

304 1223 405 1292 beant.
456 1223 685 1292 Transeundum
703 1223 816 1311 igitur
848 1230 894 1290 est
930 1222 968 1289 ad
1001 1223 1113 1289 Melam
1146 1224 1264 1291 Lucani
1297 1235 1422 1312 patrem.

302 1337 385 1408 Mela
407 1365 500 1428 eques
521 1351 585 1412 erat
607 1343 754 1430 dignitate
773 1344 905 1408 sentoria
922 1345 948 1430 ⁸)
972 1344 1027 1428 qui
1048 1367 1101 1430 per
1123 1344 1317 1410 ambitionem
1340 1367 1422 1432 prae·

301 1469 453 1549 posteram
476 1464 624 1534 honorum
638 1464 785 1550 petitione
797 1463 996 1544 abstinuerat,
1016 1471 1051 1528 ut
1069 1463 1172 1549 Eques
1182 1466 1335 1530 Romanus
1352 1487 1421 1530 con·

301 1581 447 1648 sularibus
469 1585 606 1670 potentia
627 1591 816 1668 aequaretur.
850 1581 940 1648 Pater
961 1581 1073 1648 Seneca
1094 1583 1127 1648 iu
1144 1582 1419 1649 Controversiarum

299 1699 489 1768 Praefatione
524 1726 594 1772 eum
629 1702 749 1767 maioris
778 1702 893 1789 ingenii
923 1701 1015 1768 fnisse
1042 1703 1154 1768 dicitur
1180 1725 1271 1788 qnam
1295 1703 1419 1783 iratres;

299 1819 394 1884 virilis
416 1821 510 1888 animi
525 1830 557 1890 et
580 1821 711 1902 strenui,
735 1821 869 1886 omnium
886 1820 1031 1886 bonarum
1050 1822 1160 1887 artium
1181 1821 1419 1908 capacissimum.

299 1935 337 2003 In
348 1938 487 2026 Epistola
506 1942 706 2010 eumSeneca
726 1940 901 2025 alloquitur:
925 1963 1064 2005 aversum
1084 1941 1121 2006 ab
1141 1942 1223 2005 omni
1239 1940 1418 2020 ambitione,

297 2060 507 2128 abhorrentem
528 2084 546 2126 a
569 2059 711 2126 civilibus
733 2059 849 2126 officiis.
1088 2041 1090 2048 ¹

340 2179 428 2246 Licet
452 2180 533 2246 Mela
562 2179 689 2246 honores
720 2202 820 2267 gerere
846 2178 1009 2262 uoluisset,
1039 2179 1184 2266 pecuniae
1216 2180 1417 2266 adquirendae

214 2385 216 2389 Ι
298 2300 474 2365 facultatem
497 2299 557 2366 sibi
579 2300 681 2386 negari
704 2321 810 2386 passus
833 2320 894 2363 uon
914 2305 976 2365 est:
999 2298 1130 2384 negotiis
1152 2299 1299 2385 principis
1323 2299 1417 2366 admi·

298 2419 479 2500 nistrandis,
510 2426 546 2483 ut
568 2418 691 2484 Tacitus
713 2419 820 2498 refert,
853 2411 1051 2504 procuratoris
1080 2439 1202 2483 munere
1227 2417 1417 2504 fungebatur,
1514 2491 1516 2497 ¹

299 2537 381 2623 quod
413 2559 522 2602 munus
550 2537 686 2624 Augusti
716 2543 813 2602 aetate
842 2537 873 2600 in
899 2536 1033 2602 Caesaris
1056 2536 1219 2624 provinciis
1242 2545 1418 2622 quaesturae

297 2655 364 2720 loco
388 2655 563 2721 institutum
587 2662 666 2738 erat,
700 2678 795 2741 quum
825 2661 1030 2742 procuratores
1056 2655 1089 2720 in
1114 2663 1234 2722 senatus
1255 2657 1419 2743 provinciis

296 2777 370 2841 fisco
392 2783 580 2864 praeessent,
605 2775 814 2861 quaestoribus
835 2775 979 2841 aerarium
1000 2775 1187 2841 curantibus.
1221 2775 1247 2840 Ε
1271 2798 1331 2861 quo
1355 2798 1419 2841 mu-

299 2917 369 2960 nere
402 2893 485 2960 Mela
519 2895 707 2982 propositum
733 2902 886 2959 assecutus
910 2917 1048 2981 magnam
1070 2916 1133 2959 rem
1155 2895 1244 2974 fecit,
1269 2895 1419 2980 siqnidem

301 3013 424 3079 divitias
466 3013 584 3080 Lucani
616 3013 791 3100 profiuxisse
825 3019 873 3078 ex'
899 3013 1029 3099 paternis
1069 3012 1176 3099 opibus
1211 3019 1342 3079 statuere
1375 3015 1419 3079 ias

297 3139 355 3212 est.
401 3131 513 3197 Melam
536 3132 662 3197 divitem
686 3131 777 3199 fuisse
798 3155 836 3196 ex
863 3131 995 3198 Neronis
1017 3132 1143 3197 ovantia
1166 3155 1286 3220 qnoque
1308 3134 1419 3199 iutelli-

300 3251 401 3337 gitur,
426 3251 479 3336 qui
502 3251 567 3316 eius
590 3249 696 3338 opibus
716 3249 836 3316 inhians
854 3250 970 3316 litteras
988 3251 1142 3338 fingendas
1158 3254 1291 3331 curavit,
1314 3277 1331 3320 e
1353 3254 1418 3339 qui·

302 3369 357 3435 bus
391 3369 607 3435 coniurationis
641 3369 824 3435 conscientia
858 3369 937 3435 inter
969 3367 1082 3436 Melam
1116 3378 1232 3459 patrem
1265 3379 1295 3438 et
1323 3373 1419 3439 filium

194 3516 196 3522 ·
303 3488 458 3554 Lucanum
493 3496 655 3576 appareret.
700 3487 776 3554 Virx
795 3488 889 3575 igitur
923 3488 1056 3554 dubitari
1090 3497 1189 3577 potest
1214 3491 1290 3578 quin
1322 3492 1419 3558 Melae

303 3607 427 3673 divitiae
461 3607 534 3672 satis
569 3629 693 3694 magnae
726 3608 855 3686 fuerint,
891 3614 926 3688 qt
956 3631 1032 3694 quae
1060 3609 1211 3676 Neronem
1245 3611 1328 3676 omni
1349 3611 1418 3676 reli·

303 3726 394 3815 gione
416 3726 534 3793 sublata
556 3727 594 3792 ad
616 3727 733 3796 facinus
756 3729 986 3815 perpetrandum
1010 3729 1209 3796 accenderint.

295 3940 527 3952 -ιι--ι--η

291 4012 294 4018 ’
320 4018 352 4119 ἰ)
371 4049 439 4106 stas.
457 4049 523 4108 snt.
541 4049 580 4108 rr.
599 4048 624 4109 r.
643 4051 685 4108 oo.

309 4182 312 4188 .
332 4135 445 4206 ²),Oaaa
463 4136 524 4196 Dio.
542 4135 601 4193 LX.
618 4137 662 4195 35.

331 4222 353 4292 ὅ)
371 4219 433 4280 Tac.
451 4223 522 4282 dnn.
540 4219 616 4281 XVI.
634 4223 676 4281 1⁷.
