3296 5132
881 425 922 487 20

496 591 498 597 A
587 632 660 717 qnid
683 631 766 716 qnod
787 629 958 716 duplicibus
980 629 1084 715 iugata
1106 628 1200 693 taedis

589 750 768 837 Argentaria
788 747 871 812 Polla
894 748 946 813 dat
968 747 1094 834 poetas?

344 871 443 936 Immo
463 874 534 934 sunt
554 869 608 953 qui
627 867 864 954 excogitaverint
882 866 1046 932 secundum
1058 865 1161 956 Pollae
1173 857 1313 930 merituri
1326 865 1457 930 Statium

344 995 463 1076 po'e'tam
486 988 588 1074 ipsum
612 987 718 1067 fuisse,
744 1007 835 1070 quum
857 984 960 1050 falsam
981 984 1152 1071 opinionem
1167 991 1262 1049 ortam
1279 1007 1343 1049 esse
1361 1007 1398 1050 ex
1411 985 1458 1050 in·

344 1107 499 1194 eptissima
518 1106 647 1174 lectione
668 1105 699 1169 in
722 1103 904 1189 praefatione
927 1102 1074 1168 Silvarum
1097 1103 1169 1168 libri
1189 1103 1311 1168 secundi
1333 1103 1458 1183 „carris-

345 1225 420 1290 sima
445 1224 592 1290 uxornm”
604 1247 674 1311 pro:
688 1222 868 1304 clarissima,
880 1213 1198 1308 Genth'effleLucani
1210 1224 1314 1287 vitaet
1326 1221 1458 1307 scriptis)

345 1344 579 1424 demonstravit,
607 1364 695 1428 quam
727 1341 849 1426 quidem
868 1363 904 1406 ex
927 1340 1022 1428 ipsius
1041 1340 1131 1406 Statii
1155 1340 1255 1406 verbis
1277 1341 1353 1406 hanc
1375 1339 1456 1405 fabu-
1566 1348 1569 1355 '

344 1463 405 1528 lam
429 1463 529 1528 fictam
553 1485 616 1528 esse
638 1462 710 1527 satis
733 1460 924 1548 perspicuum
948 1465 1003 1526 est.

387 1580 537 1647 Martialis
564 1581 681 1668 saepius
710 1577 824 1645 Pollam
847 1578 983 1644 nominat
1004 1578 1197 1665 reginamque
1215 1601 1280 1644 eam
1303 1585 1391 1644 vocat
1415 1581 1459 1663 ¹);

344 1701 433 1765 simol
468 1700 629 1766 Lucanum
664 1699 725 1764 levi
758 1698 931 1764 adulatione
954 1697 1059 1778 pillum
1082 1705 1200 1779 ratem,
1223 1699 1351 1786 gloriam
1375 1699 1458 1763 Heli·

344 1820 430 1885 conis
459 1817 574 1885 nostri”
604 1817 742 1905 appellat.
784 1817 876 1904 Apud
901 1817 1043 1882 Senecam
1066 1819 1091 1903 ⁸)
1121 1818 1332 1904 Argentarium
1358 1840 1458 1903 quem·

343 1938 413 2003 dam
448 1937 628 2025 reperimus,
669 1936 816 2002 rhetorem
847 1937 898 2002 cui
927 1959 1033 2002 nomen
1064 1936 1160 2003 Simio
1189 1937 1271 2003 Cesti
1302 1937 1370 2018 dat,
1406 1938 1457 2022 qui

344 2057 543 2147 Argentarius
561 2056 692 2122 fueritne
709 2078 745 2122 ex
761 2055 875 2121 familia
889 2055 1005 2122 Lucani
1027 2055 1128 2122 uxoris
1150 2078 1243 2122 neone
1265 2079 1386 2143 prorsus
1409 2079 1458 2121 ne·

345 2176 457 2241 scimus
464 2200 474 2254 3
497 2197 595 2259 neque
619 2175 716 2240 maius
736 2174 796 2240 uisi
815 2175 1003 2241 coniecturae
1026 2176 1158 2262 pretium
1178 2177 1313 2263 opinioni
1339 2176 1457 2242 Weberi

344 2293 534 2360 tribuendum
565 2299 610 2359 est
641 2293 753 2380 (Schol.
784 2293 882 2360 Marb.
912 2317 943 2381 p.
973 2296 1027 2379 14)
1050 2293 1104 2361 nbi
1128 2295 1297 2382 auspicatur
1321 2295 1457 2376 „Pollam

343 2413 553 2501 Argentariam
577 2435 685 2499 genere
703 2413 883 2499 pertinuisse
909 2413 948 2478 ad
968 2413 1115 2479 familiam
1143 2414 1374 2502 Vespasianam,
1404 2438 1456 2480 na·

345 2539 407 2596 tam
432 2555 468 2597 ex
490 2531 581 2596 fratre
607 2530 766 2617 Vespasiae
789 2530 908 2611 Pollae,
945 2531 1032 2598 cuius
1057 2532 1159 2599 Pollae
1182 2556 1265 2599 socer
1288 2535 1458 2600 coactiones

346 2649 529 2736 argentarias
553 2649 704 2714 factitasse
724 2648 861 2714 dicatur’'
884 2653 929 2736 ³),
952 2651 1033 2716 unde
1059 2652 1160 2718 affines
1182 2653 1246 2718 eius
1269 2676 1377 2720 nomen
1402 2656 1458 2718 Ar·

240 2845 242 2851 Ι
345 2769 474 2855 gonterii
496 2768 629 2834 derivare
648 2768 812 2855 potuerint.

390 2888 498 2975 Neque
525 2893 623 2953 utrum
648 2909 684 2952 ex
707 2887 794 2953 Polla
817 2888 995 2973 Argentaria
1018 2890 1143 2956 maritus
1166 2890 1274 2957 liberos
1295 2893 1459 2979 susceperit

347 3029 463 3087 annon,
487 3028 584 3092 neque
606 3006 726 3092 quando
748 3005 856 3071 obierit
879 3007 1038 3072 memoriae
1055 3008 1201 3074 traditum
1220 3017 1281 3093 est,
1294 3011 1338 3076 ita
1348 3017 1384 3076 nt
1393 3034 1459 3098 per·

347 3125 450 3213 paucis
479 3124 527 3189 his
556 3125 707 3204 contenti,
730 3147 825 3210 quum
847 3147 907 3190 nou
930 3126 1057 3212 amplius
1078 3126 1238 3194 habeamus
1261 3129 1343 3215 quod
1365 3128 1460 3195 deca

345 3245 547 3337 disseramus,
570 3243 608 3308 ad
629 3243 786 3309 Lucanum
808 3245 915 3309 reverti
937 3266 1108 3331 possumus.

389 3364 436 3429 Ex
458 3363 653 3450 inscriptione
677 3364 769 3450 (apud
791 3363 929 3450 Lipsium
952 3351 1011 3430 Ed.
1030 3362 1102 3440 Tac.
1122 3388 1191 3452 pag.
1212 3369 1289 3452 281)
1311 3367 1377 3448 VM.
1396 3371 1459 3433 An·

346 3505 421 3549 naeo
443 3485 567 3550 Lucano
590 3481 775 3549 Cordubensi
793 3488 898 3569 poetae
917 3481 1061 3551 beneficio
1079 3482 1211 3552 Neronis
1228 3484 1362 3552 Caesaris
1380 3487 1461 3552 foma

376 3783 396 3854 ¹)
415 3779 497 3838 Mart.
515 3779 550 3836 X.
569 3781 612 3837 64.
648 3779 796 3852 Contigeris
814 3778 905 3852 regina
922 3797 994 3836 meos
1012 3779 1035 3835 si
1053 3779 1128 3837 Poila
1144 3779 1265 3851 libellos,

640 3866 702 3923 Non
719 3866 815 3922 tetrica
832 3869 936 3924 nostros
957 3866 1047 3941 excipe
1069 3866 1155 3925 fronte
1175 3868 1256 3928 iocos.

377 3955 399 4024 ²)
418 3953 509 4009 Contr.
528 3951 578 4008 IV.
597 3953 639 4008 26.
1188 3946 1192 3956 ’

375 4040 396 4110 ⁵)
415 4039 490 4094 Suet.
508 4038 591 4110 Vesp.
611 4039 635 4094 l.
652 4037 684 4094 Τ.
701 4037 811 4095 Flavius
829 4038 909 4095 Petro
926 4039 1061 4113 municeps
1079 4041 1279 4104 Reatinus....
1297 4045 1414 4119 profugit
1432 4063 1466 4102 ex

341 4125 494 4181 Pharsalica
515 4125 571 4180 acie
593 4123 751 4198 domumque
769 4143 797 4180 se
814 4123 929 4182 contulit
947 4124 993 4182 ubi
1011 4126 1105 4185 deinde
1115 4171 1192 4189 .....
1210 4131 1358 4189 coactiones
1375 4151 1466 4208 argen-

340 4211 422 4268 tarias
439 4210 582 4268 factitavit.
