3308 5138
864 397 925 461 128

332 611 363 669 te
396 626 484 669 usum
508 626 581 671 esse.
636 603 771 668 Aduolat
801 603 897 668 enim:
934 604 1050 683 ‘'Poeta
1071 604 1153 669 huno
1178 605 1277 672 locum
1301 607 1337 672 de
1359 607 1451 674 Livio

333 723 421 803 tulit,
444 723 497 809 qui
518 722 686 789 Corneliam
699 721 773 786 dicit
785 721 895 788 dixisse
913 722 1071 808 Pompeio,
1088 724 1176 804 eicit,
1199 725 1328 808 Μορκα,
1343 727 1452 814 felici·

332 851 421 909 tatem
456 850 538 908 trram
570 864 633 907 ναοα
658 841 812 924 sortem
845 842 918 928 qaid
950 842 1026 907 οκίνν
1060 864 1095 906 σο
1118 847 1251 930 funesta
1281 846 1453 912 Crassorum

331 964 412 1029 domo
434 963 608 1046 recipiebar,
630 962 691 1027 oiri
712 970 747 1027 ut
769 962 950 1028 minueretur
971 962 1142 1046 νκορκὶίναο
1166 962 1252 1030 tao.’'

377 1079 554 1168 Pompeium
588 1080 620 1145 in
652 1080 755 1146 Asiam
784 1079 896 1166 fugisse
926 1087 957 1145 et
985 1080 1095 1147 Florus
1118 1087 1148 1147 et
1169 1081 1296 1148 Orosius
1319 1090 1452 1151 narrant.

331 1198 437 1266 Obiter
477 1199 583 1265 Plenus
625 1199 701 1266 dicit
741 1201 887 1296 Pompeio
930 1201 962 1265 in
1006 1201 1137 1266 Parthos
1179 1225 1211 1267 se
1247 1202 1381 1267 conferre
1419 1203 1453 1266 in

332 1319 432 1385 animo
455 1319 566 1401 fuisse,
590 1320 674 1406 quod
695 1320 851 1386 consilium
875 1319 995 1407 Syedris
1016 1320 1072 1406 (ita
1089 1320 1169 1386 enim
1181 1321 1451 1407 Plorusnominat)

333 1462 403 1505 cum
426 1439 589 1506 comitibus
612 1439 887 1507 communicaverit.
919 1439 1012 1522 Quod
1031 1441 1191 1506 Lucanum
1206 1441 1346 1528 pluribus
1369 1440 1451 1506 edis-

333 1559 461 1626 seruisse
483 1560 561 1626 infra
583 1559 766 1627 videbimus.

376 1681 414 1746 In
436 1679 520 1745 Livii
541 1678 687 1746 Periocha
705 1679 798 1747 OXlI
809 1678 1009 1766 vixPompeii
1021 1681 1096 1767 fuga
1110 1685 1307 1748 memoratur:
1330 1685 1451 1746 tantum

334 1799 432 1866 victus
454 1801 607 1887 Egyptum
630 1799 752 1886 petiisse
775 1799 898 1866 dicitur.

378 1918 439 1984 Dio
467 1917 589 1984 Cassius
618 1925 649 1983 et
680 1918 836 2005 Appianas
866 1918 942 1984 nihil
973 1918 1080 1984 dicunt
1108 1917 1185 1984 nisi:
1216 1919 1247 1990 ἐς
1270 1919 1452 1996 Μιτυλήνην

333 2039 523 2104 διέπλευσεν·
550 2037 613 2104 ὅθεν
641 2037 696 2112 τῖον
725 2046 863 2117 γυναῖκα
891 2037 1060 2120 Κορνηλίαν
1089 2037 1270 2116 ἀναλαβὼν,
1295 2039 1449 2120 Κερκύρας

332 2161 388 2240 μὲν
413 2159 465 2224 καὶ
490 2158 561 2224 τότε
584 2159 637 2224 καὶ
664 2158 786 2238 Λιβύης
809 2159 975 2238 ὑπερεῖδεν.
991 2159 1015 2244 1)
1041 2159 1069 2222 A
1089 2156 1251 2223 Plutarcho
1269 2156 1412 2224 docemur
1425 2161 1450 2244 Β)

333 2281 511 2369 Pompeium
534 2278 774 2366 hospitalitatem
792 2277 852 2344 sibi
872 2277 1002 2343 oblatam
1015 2275 1169 2342 abnuisse:
1193 2278 1252 2341 τῶν
1265 2277 1296 2342 δὲ
1308 2286 1452 2353 Μντνλκ-

334 2401 423 2467 ναίων
445 2401 497 2466 τὸν
520 2400 679 2477 Πομπήιον
704 2396 936 2477 ἀσπασαμένων
960 2397 1012 2462 καὶ
1027 2396 1290 2478 παρακαλούντων
1304 2399 1452 2464 εἰσελθεῖν

335 2522 377 2594 εἰς
398 2521 452 2596 τὴν
465 2518 566 2600 πόλιν,
587 2517 808 2594 chritianum,
823 2517 911 2582 οέλλα
926 2515 1082 2588 κάκείνους
1094 2515 1237 2582 ἐκέλευσε
1253 2518 1294 2600 τῷ
1308 2523 1452 2598 κρατοῦν·

336 2666 366 2707 το
418 2640 573 2706 πείθεσθαι
616 2638 668 2704 καὶ
696 2641 822 2719 θαρρεῖν.
880 2635 985 2704 Gloria
1020 2637 1116 2724 igitur
1149 2638 1286 2726 Pompeii
1319 2638 1453 2726 hospitio
1553 2703 1557 2712 ,

337 2763 452 2849 accepti
493 2784 590 2829 carcre
627 2760 774 2827 debebant
810 2760 896 2846 quasi
929 2759 986 2824 hac
1017 2759 1110 2825 dubia
1139 2761 1237 2846 gloria
1271 2758 1339 2826 urbi
1376 2783 1452 2848 opus

335 2889 430 2965 esset,
472 2905 551 2970 quae
596 2882 736 2962 Pittaco,
777 2903 856 2967 quae
899 2880 1010 2946 Alcaeo
1054 2903 1131 2966 quae
1165 2879 1284 2968 Sappho
1322 2879 1453 2966 denique

355 3003 432 3069 atria
454 3003 531 3069 fuitl

334 3027 354 3090 p
380 3125 467 3206 Quae
490 3122 570 3210 apud
593 3105 764 3209 Appianum
783 3127 813 3185 et
824 3119 953 3184 Dionem
969 3117 1108 3184 Cassium
1121 3119 1146 3204 ⁸)
1159 3118 1196 3184 de
1209 3117 1318 3182 ultimo
1328 3117 1454 3204 Pompei

336 3245 415 3312 vitae
444 3250 577 3331 tempore
606 3246 783 3320 narrantur,
819 3239 993 3326 deprompta
1026 3261 1090 3304 esse
1123 3237 1265 3304 videntur
1290 3259 1326 3302 ex
1350 3237 1452 3303 eodem

335 3365 419 3431 fonte
446 3386 482 3430 ex
516 3383 577 3448 quo
608 3366 638 3426 et
661 3358 841 3426 Plutarchus
861 3379 916 3424 sua
941 3357 1052 3424 hausit.
1097 3358 1257 3445 Appianas
1280 3357 1361 3422 enim
1384 3380 1453 3423 oum

333 3484 458 3551 Lucano
480 3488 511 3548 et
532 3480 619 3546 Ploro
639 3501 806 3567 congruens
829 3477 1008 3564 Pompeium
1030 3483 1129 3543 narrat
1152 3478 1310 3565 Mitylenis
1330 3499 1452 3543 uxorem

337 3602 504 3669 Corneliam
533 3599 729 3682 adsumsisse,
756 3606 848 3686 atque
882 3598 953 3664 inde
975 3598 1008 3663 in
1030 3597 1186 3664 Orientem
1209 3598 1248 3665 ad
1272 3598 1453 3664 Parthorum

335 3745 437 3811 regem
460 3721 639 3789 contendere
660 3719 811 3787 maluisse.
856 3717 1015 3806 Appianas
1038 3717 1157 3785 easdem
1181 3719 1310 3787 referens
1329 3740 1450 3799 causas,

368 4053 606 4125 OROEQ

367 4141 390 4212 ²)
408 4139 500 4214 Pomp.
519 4140 563 4199 75.

366 4227 388 4300 ³)
407 4226 438 4284 B.
456 4226 486 4284 O.
503 4224 595 4283 XhII.
614 4224 690 4279 2-4.
