3296 5132
758 400 798 463 35

214 607 289 684 den,
312 606 375 671 und
401 628 468 685 nm,
493 605 529 670 da
553 627 584 668 er
607 604 742 670 deunoeh
766 603 878 691 began,
902 603 1068 691 werrigsten
1090 603 1178 672 keine
1196 603 1330 696 blutigen

215 724 395 790 Lorbeerens
417 747 454 788 cu
476 730 579 788 ernten
600 721 656 808 ¹)’'.

259 843 352 907 Heroi
383 842 528 929 Pompeio
562 850 652 928 poeta
685 843 916 928 haudquaquam
944 843 1100 910 blanditur
1121 845 1218 910 verbis
1242 869 1327 914 usus:
1375 913 1377 920 ,

218 962 304 1041 ,Stat
326 962 428 1048 magni
450 962 580 1027 nominis
604 959 731 1026 umbra''
738 987 747 1040 3
767 985 805 1026 ne
828 968 900 1027 tunc
920 961 1040 1047 quidem
1060 985 1156 1048 quum
1173 964 1244 1030 anni
1263 966 1329 1030 eins

216 1083 247 1145 in
270 1081 385 1146 senium
411 1103 532 1166 vergere
555 1081 708 1145 dicuntur.
731 1079 893 1166 Pompeius
918 1103 970 1145 sex
993 1081 1081 1146 modo
1102 1081 1187 1147 annis
1204 1084 1330 1150 Caesare

216 1199 312 1264 senior
334 1222 445 1263 aunum
469 1199 750 1285 quinquagesimum
775 1206 913 1263 octavum
934 1199 1057 1286 agebat:
1080 1201 1215 1268 nondum
1238 1202 1332 1289 igitur

216 1339 304 1382 senex
327 1317 466 1402 appellari
490 1317 594 1382 debuit
612 1317 694 1382 senio
715 1340 808 1402 paene
832 1318 1004 1397 confectus,
1027 1318 1098 1384 licet
1114 1327 1214 1387 autem
1238 1321 1331 1387 facul·

216 1445 292 1501 tates
327 1418 434 1501 debilis
468 1436 630 1500 senectutis
663 1436 780 1522 saepius
815 1437 1010 1518 ostendisset,
1045 1438 1170 1504 dubium
1197 1440 1330 1506 animum

216 1564 306 1640 atque
329 1555 439 1620 mentis
461 1555 702 1620 inconstantiam.
749 1555 802 1620 Bis
824 1554 986 1642 Pompeius
1008 1555 1181 1623 facultatem
1205 1559 1332 1644 imperio

217 1674 351 1760 potiendi
374 1673 432 1738 sibi
454 1698 471 1738 a
493 1673 628 1739 Fortuna
651 1674 781 1739 oblatam
804 1673 979 1740 haesitando
1006 1677 1261 1763 praetermiserat:
1285 1676 1333 1742 bis

217 1794 316 1857 animo
340 1793 496 1858 defecerat.
530 1792 604 1857 Non
628 1793 653 1878 is
676 1799 740 1857 erat
762 1793 814 1878 qni
834 1794 881 1856 uti
899 1793 963 1857 foro
980 1793 1081 1859 sciret.
1110 1799 1218 1861 Acrem
1239 1795 1334 1881 igitur

218 1918 309 1996 etque
337 1911 519 1976 indomitum
550 1911 648 1976 vocari
680 1933 748 1976 eum
779 1911 914 1988 mallem,
946 1933 1040 1996 quum
1065 1913 1206 1980 omnibus
1228 1919 1333 1978 notum

218 2037 295 2094 esset
324 2031 396 2095 haec
419 2031 508 2094 verba
531 2031 563 2094 in
587 2029 695 2094 malam
718 2037 832 2116 partem
856 2031 959 2096 haberi
984 2054 1043 2097 non
1068 2038 1220 2118 oportere,
1244 2055 1333 2117 quam

205 2148 354 2214 umbram
378 2149 534 2235 appellari,
560 2171 652 2234 quum
676 2171 778 2214 revera
800 2149 858 2214 hoc
881 2149 1002 2215 nomine
1026 2149 1064 2216 ob
1082 2149 1284 2215 mobilitatem
1303 2158 1334 2214 et

219 2268 311 2332 animi
330 2269 481 2333 levitatem
505 2269 616 2355 dignus
639 2274 725 2334 esset.

262 2387 400 2453 Eundem
422 2411 521 2454 rerum
545 2389 678 2454 ordinem
702 2389 782 2476 apud
804 2388 925 2454 Florum
945 2395 1094 2454 servatum
1114 2411 1177 2454 esse
1199 2387 1336 2454 videmus

221 2507 273 2572 ubi
306 2531 403 2574 mores
437 2509 671 2588 adversariorum
696 2509 847 2574 describit.
893 2507 1006 2574 Eadem
1029 2508 1089 2572 fere
1113 2506 1203 2572 verba
1226 2505 1336 2590 quibus

219 2631 376 2707 Lucanus,
392 2651 462 2692 cum
486 2627 588 2692 Cassio
611 2627 709 2692 Dione
736 2650 919 2713 congruam,
945 2627 1059 2707 utitur,
1084 2625 1208 2692 eandem
1232 2625 1335 2690 saltem

220 2747 398 2812 sententiam
431 2747 597 2820 indicantia
620 2747 699 2832 apud
722 2747 844 2811 Florum
867 2746 1008 2831 legimns:
1037 2746 1104 2810 Nec
1127 2745 1177 2810 hic
1205 2746 1336 2831 (Pomp.)

220 2867 333 2932 ferebat
354 2889 474 2953 parem,
497 2889 551 2931 nec
574 2865 624 2930 ille
649 2866 756 2951 (Caes.)
782 2866 973 2951 superiorem.
1019 2864 1147 2929 Nullum
1175 2864 1337 2929 discrimen
1433 2859 1434 2862 '

221 2987 276 3052 bac
310 2986 341 3050 in
373 3008 405 3050 re
426 2986 505 3050 inter
528 2984 632 3050 ambos
658 2985 816 3082 scriptores
843 3007 906 3048 esse
932 2983 1207 3050 animadvertimus.
1253 2982 1338 3047 Haec

220 3107 320 3172 omnia
350 3106 424 3189 quin
455 3111 485 3170 et
511 3104 631 3169 Cassius
660 3104 720 3169 Dio
749 3110 779 3168 et
809 3104 949 3168 Lucanus
978 3126 1014 3168 ex
1033 3102 1139 3182 Livio,
1163 3123 1251 3187 quem
1269 3102 1338 3166 Flo·

220 3247 272 3290 rus
308 3233 428 3292 secutus
466 3231 526 3303 est,
562 3223 721 3310 petierint,
756 3245 822 3288 mea
850 3222 973 3307 quidem
1001 3220 1165 3302 sententia,
1190 3221 1338 3286 incertum

220 3350 358 3408 nonest.

197 3495 207 3516 ν
266 3463 386 3544 Quibus
411 3463 518 3528 addere
541 3485 701 3549 possumus
724 3485 801 3548 quae
823 3462 888 3550 ipse
910 3461 1018 3528 Caesar
1040 3461 1076 3526 B.
1100 3459 1134 3526 Ο.
1158 3460 1186 3527 Ι.
1211 3466 1242 3526 4.
1266 3481 1339 3544 quc·

222 3583 312 3648 ritur:
351 3581 533 3668 ,Pompeius
564 3583 715 3647 neminem
753 3581 934 3668 dignitatem
967 3603 1067 3646 secum
1102 3579 1260 3663 exaequari
1288 3601 1338 3645 vo·

222 3702 303 3768 lebat
327 3701 385 3788 2)''.

253 3958 274 4026 ¹)
293 3952 397 4010 Confer.
415 3953 487 4009 Cass.
507 3951 559 4008 Dio
578 3952 643 4008 XLI
661 3954 704 4010 22.
740 3951 845 4024 Appian
866 3951 896 4006 Π
914 3951 958 4007 43.
985 3949 1144 4007 Praesertim
1163 3951 1218 4010 Cic.
1236 3948 1269 4007 ad
1287 3951 1346 4009 Att.

219 4042 488 4195 ill²l·'Cltiiileir5.llliill.
512 4127 614 4182 Patere.
633 4125 671 4183 ΙΙ.
691 4126 734 4181 33.
753 4126 778 4180 4.
815 4123 909 4195 Neque
931 4123 1087 4197 Pompeius,
1114 4126 1147 4179 nt
1172 4123 1285 4198 primum
1313 4123 1345 4180 ad

218 4232 274 4270 rem
292 4210 425 4287 publicam
444 4228 584 4284 eggressus
602 4213 655 4279 est,
673 4227 831 4284 quemquam
850 4209 937 4266 auimo
955 4227 1044 4283 parem
1062 4209 1138 4268 tulit.

1181 4313 1231 4380 34(-
