3296 5132
872 388 913 448 24

369 588 513 657 Invidum
543 591 640 657 fatum
669 613 787 657 causam
815 599 965 656 tantarum
991 613 1088 657 rerum
1112 597 1199 678 potita
1220 592 1334 658 indicat
1355 613 1437 672 esse3

325 730 432 798 magno
465 708 597 797 pondere
625 709 707 798 lapsa
729 709 832 774 ‘Roma
863 711 1050 798 semetipsam
1082 712 1157 776 ferre
1185 734 1244 776 non
1268 711 1383 798 potuit,
1408 720 1439 775 et

316 1017 397 1090 gilius
418 1019 571 1076 numinibus
589 1019 765 1092 agriculturae
788 1021 936 1078 fautoribus
954 1021 1095 1088 invocatis,
1115 1022 1268 1093 Augustum
1277 1020 1443 1079 invocatione

317 1106 457 1179 praeterire
484 1125 537 1165 uon
564 1107 631 1164 vult.
667 1107 781 1164 Ratione
809 1107 875 1162 satis
893 1106 1008 1179 eleganti
1027 1110 1055 1162 et
1076 1111 1188 1162 venusta
1206 1107 1233 1162 id
1246 1107 1336 1172 efficit,
1355 1109 1444 1164 itaut

318 1190 498 1264 impudentiae
519 1196 547 1250 et
573 1191 734 1250 adulationis
756 1193 802 1249 vix
822 1193 938 1249 incusari
955 1193 1048 1266 possit.
1082 1191 1211 1264 Virgilius
1234 1193 1386 1263 Augustum
1405 1193 1442 1247 in·

319 1283 410 1336 vocat:
443 1299 496 1337 uon
522 1283 610 1337 tamen
637 1284 669 1336 ut
695 1279 794 1347 Deum,
829 1278 875 1334 sed
907 1278 952 1351 qui
985 1277 1126 1352 aliquando
1153 1277 1209 1333 fieri
1237 1280 1333 1350 possit,
1362 1297 1442 1351 quum

317 1366 359 1421 tot
386 1365 502 1438 insignes
528 1367 579 1423 viri
607 1370 668 1440 post
694 1369 803 1422 mortem
832 1365 861 1421 in
887 1383 1024 1421 numerum
1043 1363 1150 1423 deorum
1169 1364 1267 1437 recepti
1285 1363 1345 1421 sint.
1382 1365 1443 1421 Non

317 1457 382 1515 dicit
403 1457 542 1530 παρθενίας
562 1461 643 1524 ,mihi
661 1461 712 1517 iam
733 1462 846 1516 numeu”
865 1460 941 1531 (Luc.
960 1459 984 1517 Ι.
1003 1462 1061 1532 63),
1080 1479 1164 1534 neque
1185 1465 1227 1526 ,te
1245 1462 1357 1536 praelati
1371 1462 1443 1534 regia

316 1548 383 1606 coeli
403 1548 530 1623 accipiet''
549 1549 625 1621 (Luc.
644 1549 668 1608 I.
686 1552 745 1622 44),
765 1547 824 1606 sed:
844 1549 986 1624 ,quicquid
997 1549 1060 1617 eris,
1080 1549 1165 1607 adnue
1176 1552 1442 1627 audaeibuscoeptis''

319 1635 424 1708 (Georg.
442 1635 466 1692 Ι.
485 1637 544 1705 34),

545 1724 703 1798 ignarosque
720 1725 779 1780 viae
798 1741 900 1780 mecum
919 1724 1058 1780 miseratus
1076 1726 1200 1798 agrestis,

544 1809 680 1882 ingredere
699 1813 726 1866 et
744 1811 814 1866 votis
833 1810 885 1866 iam
904 1829 975 1866 nunc
993 1810 1118 1867 adsuesce
1136 1812 1224 1868 vocari
1243 1815 1307 1885 (49).

350 1893 379 1950 si
406 1895 470 1951 haec
493 1896 642 1970 apotheosis
659 1895 791 1964 habenda,
810 1901 899 1952 tamen
918 1895 1113 1952 conditionibus
1138 1897 1264 1955 adstricta
1283 1905 1331 1956 est.
1367 1899 1443 1956 Nihil

314 1980 342 2037 in
370 1981 430 2038 aliis
456 1981 576 2038 versibus
597 1981 667 2055 quod
688 1983 815 2040 offendere
842 1987 931 2057 potest
949 1984 1115 2050 invenimus,
1143 1985 1219 2041 nulla
1237 1986 1371 2054 adulatio,
1391 1999 1443 2059 qua

314 2068 454 2141 Augustus
480 2070 535 2126 sive
561 2069 594 2128 ob
613 2070 741 2146 prudens,
761 2072 817 2128 sive
838 2070 872 2128 ob
894 2072 994 2127 iustum
1016 2071 1154 2145 imperium
1173 2072 1270 2144 diguus
1290 2093 1343 2130 uon
1366 2073 1444 2129 habe·

315 2157 383 2214 atur.
419 2157 507 2227 Verba
525 2159 609 2216 enim:

649 2248 676 2301 te
694 2263 742 2302 nec
761 2247 866 2319 sperent
883 2245 994 2302 Tartara
1012 2263 1109 2318 regem,

561 2350 609 2388 nec
628 2332 678 2388 tibi
696 2333 823 2405 regnandi
841 2334 930 2390 veniat
948 2336 1004 2390 tam
1023 2333 1079 2388 dira
1097 2332 1207 2406 cupido,
1378 2397 1382 2402 g

296 2495 298 2501 Ι
316 2433 379 2470 num
407 2415 488 2472 alium
506 2434 612 2472 sensum
640 2418 739 2474 habent
762 2419 815 2474 nisi
832 2437 900 2492 quae
917 2420 1020 2476 ratione
1038 2424 1151 2475 venusta
1172 2421 1200 2475 et
1218 2418 1333 2476 iucunda
1353 2418 1445 2476 dicant

316 2505 420 2575 poetam
438 2501 551 2576 principi
571 2501 742 2560 dilectissimo
761 2503 843 2560 vitam
865 2504 970 2577 longam
991 2506 1098 2577 optare?

352 2587 449 2644 Modus
476 2606 528 2661 quo
551 2589 681 2662 Virgilius
703 2590 770 2646 hanc
798 2592 953 2664 apotheosin
981 2594 1080 2650 tractat
1102 2611 1155 2649 uon
1175 2592 1288 2648 multum
1308 2593 1395 2651 differt
1413 2595 1445 2650 ab

316 2675 423 2732 Horatii
442 2675 502 2747 (Od.
520 2677 544 2734 1.
563 2679 604 2748 2),
623 2677 670 2734 ubi
690 2675 817 2733 simulans
836 2696 863 2734 se
881 2680 1034 2751 Augustum
1053 2678 1149 2736 habere
1170 2699 1217 2753 pro
1235 2679 1380 2747 Mercurio,
1399 2681 1445 2751 qui

318 2763 426 2819 formam
448 2762 588 2820 humanam
609 2763 711 2830 induit,
731 2783 790 2819 eum
809 2765 847 2820 sic
866 2763 1024 2838 alloquitur:

668 2849 730 2905 Sive
748 2851 851 2904 mutata
869 2849 990 2905 invenem
1009 2850 1094 2921 ligura

667 2936 731 2992 Ales
751 2935 779 2991 in
798 2935 875 2991 terris
894 2935 1006 2991 imitaris
1025 2936 1109 2992 almae

670 3022 755 3079 Filius
773 3021 874 3090 Maiae,
893 3021 997 3095 patiens
1015 3021 1103 3078 vocari

776 3109 895 3166 Caesaris
913 3107 997 3190 ultor:

670 3207 745 3262 Serus
762 3208 789 3262 a'n
807 3207 897 3261 coelum
915 3205 1001 3259 redeas
1013 3246 1019 3260 .
1029 3245 1053 3260 ..
1073 3221 1097 3256 a.
1112 3222 1138 3256 r.
1153 3209 1182 3256 λ,

356 3294 492 3365 Quantum
520 3295 659 3351 discrimen
680 3294 716 3350 sit
740 3295 809 3350 inter
828 3292 1003 3364 Virgiliauam
1028 3292 1251 3364 Horatianamque
1268 3289 1447 3346 adulationem

322 3382 402 3452 atqua
431 3379 534 3436 Lucani
561 3378 679 3436 videmus
686 3402 694 3447 3
729 3397 813 3452 neque
849 3381 939 3434 tamen
973 3379 1131 3435 assentimur
1161 3396 1185 3434 v.
1211 3377 1235 3434 d.
1269 3377 1343 3433 Reus
1369 3380 1449 3436 Biuet

323 3465 405 3536 (udis.
431 3466 507 3538 Virg.
532 3463 606 3523 Tom.
634 3466 657 3525 Ι.
685 3485 727 3540 pg.
748 3467 822 3535 210),
851 3483 932 3537 quum
959 3463 1088 3539 suspicari
1117 3481 1196 3521 ausus
1224 3467 1265 3520 est
1294 3463 1361 3520 hauc
1387 3465 1449 3520 adu·

322 3558 449 3617 lationem
485 3558 590 3634 plenam
622 3555 752 3630 sipusstrr
784 3576 853 3626 esse,
887 3576 972 3631 neque
1002 3557 1139 3614 Lucanum
1168 3557 1262 3628 λέγειν
1287 3555 1331 3612 ὅτι
1358 3557 1448 3628 λέγει.

323 3651 383 3722 Quo
409 3655 527 3723 tempore
556 3652 635 3724 podia
652 3653 740 3706 noster
762 3651 808 3706 hos
833 3666 924 3704 versus
953 3649 1073 3723 scripsit,
1094 3667 1154 3705 cum
1172 3647 1277 3704 Nerone
1297 3646 1450 3703 inimicitiae
1546 3647 1548 3650 ’

324 3739 349 3796 si
380 3738 496 3797 nondum
532 3739 747 3806 intercesserant,
787 3755 871 3810 neque
907 3739 973 3810 puto
1010 3737 1061 3792 iam
1098 3739 1162 3790 tunc
1200 3733 1338 3789 Lucanum
1370 3731 1450 3788 rebus
1487 3771 1489 3776 -

323 3829 443 3882 coactum
477 3842 533 3881 esse
565 3827 597 3880 ut
629 3823 760 3880 Neronem
797 3822 895 3882 odisset
919 3823 1011 3880 luerit:
1046 3841 1130 3894 neque
1158 3819 1294 3876 audaciam
1322 3820 1346 3876 ei
1369 3819 1451 3874 fuisse

324 3912 404 3969 verbs
426 3910 572 3986 periculosa
595 3909 710 3978 dicendi,
735 3929 815 3982 quum
835 3909 942 3966 minima
960 3909 1075 3982 suspicio
1093 3908 1204 3981 principi
1223 3906 1266 3962 vel
1285 3906 1342 3962 eius
1360 3904 1450 3961 amicis

324 3998 439 4058 incidere
457 4000 557 4071 posset,
576 4015 607 4052 ea
625 4015 657 4052 ex
676 3997 756 4053 anirui
777 3995 912 4052 sarmentis
931 3995 1002 4050 diota
1020 4011 1072 4048 non
1091 4012 1155 4050 osse.

362 4085 456 4140 Couler
480 4082 558 4138 ctiam
584 4081 661 4140 Jules
683 4083 799 4156 d’Argis,
828 4081 947 4138 Athenae
966 4081 998 4136 de
1020 4079 1143 4146 Vordun3
1172 4078 1342 4135 Contemnes:
1362 4077 1450 4133 Neron

328 4174 356 4230 ct
376 4169 488 4227 Lucain.
508 4188 550 4244 pg.
570 4171 603 4226 49
614 4211 621 4238 ,
641 4169 686 4241 qui
705 4169 773 4225 idem
793 4167 862 4242 quod
881 4166 959 4224 Binst
979 4167 1078 4224 lactum
1097 4184 1154 4222 esse
1172 4165 1328 4239 suspicatur.
