3308 5138
830 383 891 447 148

297 593 336 660 ob
359 615 477 660 causam
500 612 675 660 concursum
698 590 820 672 fecisse,
845 610 936 675 quam
955 594 1091 656 metuens
1115 591 1226 660 Caesar
1248 593 1281 659 in
1303 595 1415 683 regiam

298 714 370 800 fuga
393 736 424 778 se
446 713 571 801 recepit.
618 711 746 778 Dionem
770 715 870 776 autern
893 733 911 775 a
932 708 1057 777 Caesare
1080 711 1214 794 differre,
1234 737 1271 780 ex
1293 737 1416 802 sequen·

295 831 378 897 tibus
411 837 510 920 patet,
535 830 588 896 ubi
611 829 718 896 Caesar
741 828 854 917 optime
876 834 970 894 artem
998 830 1144 896 reticendi
1165 831 1297 902 adhibet.
1343 834 1416 901 Non

293 950 408 1016 omnia*
423 955 523 1016 narrat
552 971 628 1034 quae
658 947 738 1036 apud
760 947 935 1029 Lucanum,
961 948 1045 1036 apud
1067 949 1192 1017 Livium
1216 951 1250 1016 in
1272 952 1416 1020 Periocha

298 1067 409 1148 LXII,
448 1067 587 1148 Florum,
621 1065 766 1133 Orosium
799 1067 927 1154 legimus
964 1067 1002 1132 de
1034 1068 1182 1136 seditione
1223 1077 1337 1138 exorta.
1384 1073 1416 1138 si

299 1186 399 1252 omnia
421 1187 494 1252 hacc
515 1185 710 1269 narravisset,
732 1208 807 1253 num
830 1208 906 1272 quae
932 1192 1037 1253 contra
1059 1187 1107 1253 ius
1131 1195 1162 1254 et
1184 1189 1229 1256 fas
1251 1197 1416 1279 perpetras·

298 1310 344 1370 set
375 1304 498 1372 reticere
520 1305 699 1393 potuisset?
732 1295 1034 1372 Commemoraudum
1067 1306 1195 1390 fuisset,
1222 1331 1254 1376 se
1276 1311 1416 1397 magnam

297 1424 440 1510 pecuniae
462 1425 523 1490 rim
546 1425 694 1512 coegisse,
717 1446 815 1510 neque
841 1424 972 1492 erebus
995 1425 1087 1491 sacris
1114 1426 1308 1497 abstinuisse.
1337 1431 1417 1495 Tum

300 1567 369 1610 eum
390 1566 508 1611 narrare
530 1545 730 1632 oportuisset,
753 1567 802 1610 eas
824 1543 951 1610 iniurias
974 1545 1163 1612 tumultuum
1184 1569 1288 1614 causas
1306 1548 1414 1631 luisse,

299 1685 395 1750 neque
407 1669 525 1730 tantum
538 1664 649 1730 amicos
661 1664 740 1752 regis
752 1685 802 1729 eos
814 1663 949 1730 movisse.
983 1664 1060 1729 Sunt
1072 1649 1174 1731 autem
1186 1666 1246 1732 duo
1260 1667 1417 1754 opiniones

299 1782 433 1850 debello
456 1783 659 1848 Alexandrino
684 1789 795 1848 exorto.
840 1782 1019 1848 Plutarchus
1043 1785 1068 1870 ¹)
1093 1783 1184 1852 dicit:
1207 1785 1259 1851 τὸν
1283 1785 1415 1853 δἀὐτόθι
1444 1763 1447 1772 ¹

299 1901 435 1982 πόλεμον
457 1904 483 1968 οἷ
504 1903 561 1981 μὲν
584 1905 637 1968 οὐκ
657 1903 849 1980 αναγκαῖον,
871 1902 946 1965 ἀλλ’
967 1900 1052 1984 ἔρωτι
1074 1902 1288 1986 Κλεατιέτρας
1309 1905 1415 1985 ἄδοξοι

300 2023 383 2104 αὐτῷ
409 2022 461 2088 καὶ
487 2023 644 2098 κινδυνώδη
673 2020 816 2102 γενέσθαι
840 2021 1002 2100 λέγουσιν,
1022 2025 1048 2088 οἱ
1073 2023 1103 2088 δὲ
1134 2025 1203 2098 τοὺς
1229 2024 1414 2103 βασιλικοὺς
1489 2081 1491 2088 ,

300 2144 477 2220 αἰτιῶνται,
518 2143 569 2208 καὶ
605 2141 752 2224 μάλιστα
780 2142 831 2206 τὸν
861 2147 1005 2225 εῦιιῦχον
1047 2143 1256 2211 Ποθεινόν...
1277 2171 1306 2212 κ.
1329 2170 1359 2212 τ.
1383 2162 1414 2212 λ.

301 2263 417 2330 Deinde
438 2263 617 2330 Plutarchus
639 2263 696 2329 hac
718 2261 861 2350 opinione
883 2264 1010 2346 ductus,
1035 2264 1155 2331 Caesari
1179 2267 1235 2332 hac
1257 2266 1363 2334 saltem
1383 2267 1416 2332 in

299 2381 461 2448 refovisse
484 2383 613 2450 ridetur.
657 2382 764 2448 Eidem
787 2383 951 2450 sententiae
974 2384 1096 2452 livium
1116 2385 1284 2452 adhaesisse
1305 2385 1414 2452 verisi-

300 2502 371 2568 mile
393 2509 454 2584 cst,
479 2503 720 2594 quandoquidem
743 2487 780 2568 de
802 2503 936 2584 insidiis,
961 2526 1035 2590 quas
1057 2475 1206 2572 Pothinus
1218 2507 1341 2574 molitus
1353 2515 1414 2590 est,

301 2621 427 2690 Orosius
449 2623 594 2710 loquitur.

345 2743 428 2808 Num
461 2765 531 2808 vero
570 2766 605 2809 eo
635 2743 695 2808 iam
717 2749 851 2830 tempore
875 2743 984 2811 Caesar
1007 2768 1069 2812 rem
1093 2769 1161 2812 cum
1189 2746 1346 2836 Cleopatra
1364 2747 1415 2814 ha·

302 2862 404 2929 buerit
434 2862 582 2928 incertum
612 2868 673 2942 est;
706 2863 787 2948 quod
818 2869 918 2929 tamen
951 2863 1037 2930 nobis
1067 2889 1085 2932 a
1113 2866 1237 2932 veritate
1260 2867 1417 2934 abhorrere

303 3004 363 3048 non
383 2980 518 3064 videtur,
531 3002 622 3068 quum
642 3003 707 3047 eam
722 2981 862 3048 feminam
883 3005 1037 3070 procacem
1057 2990 1088 3050 et
1108 2985 1315 3068 libidinosam,
1329 2987 1417 3052 simul

302 3101 392 3168 etiam
415 3099 705 3183 περικαλλεστάτην
729 3105 880 3180 γυναικῶν
907 3100 923 3176 ἣ
948 3101 1019 3169 τότε
1043 3111 1099 3178 τῆς
1123 3103 1200 3187 ὥρας
1228 3107 1316 3189 ἀκμῇ
1341 3101 1413 3194 dul)

303 3245 339 3288 ex
370 3220 496 3286 historia
526 3223 775 3308 cognoverimus,
809 3221 898 3287 Hanc
921 3222 1017 3310 igitur
1038 3247 1119 3307 rem,
1143 3225 1266 3314 dignam
1286 3249 1363 3312 quae
1379 3228 1417 3293 ab

305 3345 425 3407 auctore
463 3341 505 3406 rei
545 3341 704 3406 amatoriae
745 3340 928 3428 peritissimo
969 3341 1165 3430 depingatur,
1208 3345 1418 3432 imaginationi

305 3460 450 3555 lectorum
472 3459 677 3545 relinquimus.
723 3461 818 3526 Cuius
841 3459 964 3547 quidem
986 3462 1029 3526 rei
1044 3462 1188 3528 studiosis
1200 3463 1264 3551 ipse
1275 3465 1416 3531 Lucanus

305 3561 378 3645 luxu
414 3579 520 3644 domus
555 3585 645 3665 atque
678 3578 831 3668 epularum
869 3579 1062 3648 describendo
1095 3589 1304 3669 argumentum
1332 3583 1418 3649 valde

310 3698 463 3786 copiosum
486 3697 547 3764 iam
571 3698 718 3786 praebuit.

354 3815 523 3903 Colloquii,
547 3817 629 3902 quod
648 3823 736 3907 poeta
757 3818 911 3886 Caesarem
935 3842 1004 3886 cum
1027 3819 1182 3887 Anchoreo
1204 3819 1344 3888 hahuisse
1366 3824 1420 3888 fiu-

304 4005 572 4016 *ιι-.-

343 4117 364 4188 ¹)
383 4115 458 4173 Caes.
476 4117 519 4172 48.

343 4203 364 4274 ²)
382 4200 434 4257 Dic
456 4201 529 4257 Cass.
547 4201 629 4258 XLII
647 4202 690 4258 35.
