3296 5132
726 393 770 458 '25

193 629 280 693 quem
311 605 470 671 admodum
501 624 637 690 suprema
668 601 774 697 mundi
798 601 877 666 ‘hora
906 601 1006 665 omnia
1038 600 1195 685 antiquum
1219 599 1309 664 chaos

192 730 344 812 repetent,
368 724 412 789 sic
435 723 524 788 etiam
548 720 706 808 imperium
727 719 897 784 Romanum
926 719 1053 784 interiit.
1098 718 1193 784 Roma
1211 721 1308 797 enim,

192 845 288 910 tribus
300 844 429 909 dominis
442 841 627 922 communis,
652 863 714 905 sese
726 839 869 904 tradendo
881 839 1038 904 interitum
1052 862 1139 904 suum
1152 839 1216 927 ipsa
1228 861 1309 906 acce·
1353 891 1355 893 -

190 962 313 1041 letavit3
342 962 407 1026 fieri
431 984 492 1026 nou
515 967 615 1046 potest
638 959 715 1043 quin
732 957 883 1024 discordia
896 981 964 1022 mox
976 965 1124 1037 oreretur:
1151 957 1310 1044 „orbisque

193 1083 248 1167 (sic
278 1105 347 1147 cum
370 1080 501 1146 Webero
525 1079 699 1165 legendum)
723 1084 856 1172 potestas
876 1078 972 1166 euim,
995 1079 1156 1164 impatiens
1167 1079 1312 1142 consortis

192 1203 264 1282 erit,
300 1202 371 1266 dum
407 1207 486 1264 terra
520 1200 630 1264 fretum
665 1205 695 1262 et
724 1219 773 1262 aer
803 1204 912 1262 terram
942 1196 1073 1262 levabit''
1100 1199 1177 1282 (92).
1223 1195 1312 1262 Brevi

192 1323 316 1386 Crassus
344 1319 424 1384 solus
454 1341 543 1384 causa
572 1316 718 1382 discordis
742 1315 933 1396 concordiae,
958 1339 1040 1412 mora
1062 1315 1131 1381 belli
1154 1321 1232 1380 crat:
1258 1315 1310 1380 ubi
1381 1327 1384 1345 ⁴

192 1449 291 1506 autem
321 1439 388 1505 telis
422 1438 573 1504 Parthicis
597 1437 763 1512 ceciderat,
786 1458 913 1522 regnum
936 1436 1013 1500 ferro
1037 1434 1194 1502 dividitur.
1239 1435 1312 1504 Nou

192 1561 291 1625 miuus
315 1581 405 1644 quam
427 1555 581 1623 triumviri
605 1579 702 1636 mors,
726 1555 826 1620 obitus
845 1555 941 1620 Iuliae
964 1577 1054 1619 causa
1076 1554 1215 1620 discissae
1227 1556 1297 1621 fidei
1303 1583 1312 1635 3

191 1686 264 1742 tunc
286 1677 367 1742 enim
389 1677 451 1740 fato
473 1675 649 1762 permissum
674 1674 800 1752 ducibus
822 1673 933 1740 bellurn
956 1696 1089 1740 movere:
1113 1675 1181 1759 quis
1201 1674 1311 1739 iustius

191 1799 281 1861 arma
300 1795 434 1860 induerit
460 1794 537 1858 scire
568 1793 671 1858 nefas:
705 1793 804 1858 iudice
836 1816 943 1879 magno
977 1815 1008 1858 se
1041 1791 1171 1878 quisquc
1194 1797 1312 1870 tuetur,

192 1913 303 1998 quibus
326 1913 427 1978 verbis
450 1921 538 1998 po'eta
560 1912 719 1977 notissima
742 1911 846 1977 addit:

272 2031 409 2110 „Victrix
432 2054 521 2096 causa
546 2031 609 2095 deis
633 2031 767 2117 placuit,
792 2032 843 2096 sed
866 2031 947 2096 victa
970 2029 1111 2096 Catoni'’.
1137 2033 1239 2116 (128).

236 2150 357 2216 Potitum
396 2151 492 2236 igitur
530 2151 664 2214 nondum
701 2173 789 2215 caeco
823 2151 925 2214 studio
961 2150 1031 2215 ferri
1066 2151 1217 2230 videmus,
1253 2175 1313 2237 quo

193 2275 297 2356 postca
319 2292 410 2355 opus,
447 2292 539 2355 paene
562 2270 705 2350 dixerim,
734 2271 913 2354 inquinatus
936 2277 991 2336 est.
1036 2271 1182 2336 Nondum
1202 2271 1313 2336 diiudi-

194 2412 259 2454 care
285 2390 366 2471 vult,
393 2398 459 2455 uter
485 2389 639 2461 iustiorem
667 2397 780 2477 partem
800 2397 955 2474 sequatur,
979 2391 1048 2456 licet
1067 2391 1159 2468 factio
1177 2389 1312 2455 Caesaris

194 2510 325 2575 secundo
359 2533 446 2575 versu
482 2509 640 2589 „sceleris”
676 2510 796 2576 nomine
828 2510 1011 2598 appelletur,
1046 2511 1093 2576 ius
1117 2517 1217 2576 autem
1241 2514 1314 2594 (quo

194 2629 316 2694 nomine
338 2636 450 2715 partem
474 2623 685 2715 Pompeianam
703 2630 965 2716 poetadesignat),
990 2629 1094 2696 sceleri
1117 2629 1314 2694 succubuisse

195 2748 321 2813 dicatur.

238 2866 379 2932 Lucanus
402 2866 471 2931 dein
494 2889 592 2932 mores
615 2867 771 2932 amborum
797 2867 930 2932 virorum
958 2867 1117 2948 describit,
1144 2867 1192 2932 vel
1212 2867 1315 2954 potius

195 2985 310 3051 levibus
334 2986 522 3052 lineamentis
541 2986 709 3052 adumbrat.
754 2985 819 3052 lam
842 2985 944 3050 statim
963 3009 1013 3051 eos
1029 3009 1217 3072 nequaquam
1229 3010 1314 3073 pares

196 3107 290 3172 fuisse
313 3107 404 3172 dicit:
436 3107 619 3193 Pompeius,
644 3106 702 3170 etsi
716 3106 849 3170 nondum
861 3105 943 3170 senio
956 3105 1129 3186 conlectus,
1148 3105 1185 3170 ad
1198 3105 1315 3169 senium

197 3234 296 3292 tamen
320 3225 511 3311 vergentibus
534 3226 619 3290 annis
641 3225 720 3290 bello
743 3225 911 3290 deciderat:
936 3225 1042 3290 avidus
1061 3225 1158 3289 famae
1169 3223 1316 3311 gaudebat

199 3344 305 3430 plausu
352 3345 509 3409 marmorei
556 3345 601 3409 sui
647 3345 775 3421 theatri,
821 3344 1013 3428 multumque
1052 3344 1145 3429 priori
1179 3343 1316 3408 fortunae

197 3464 346 3530 credebat.
402 3463 545 3528 Lucanus
594 3463 712 3528 heroem
764 3485 852 3527 suum
901 3483 968 3527 cum
1010 3485 1120 3547 quercu
1166 3469 1318 3548 comparat

197 3583 319 3648 exuvias
346 3582 456 3647 veteris
487 3581 560 3647 belli
584 3589 736 3670 gestante,
766 3605 822 3647 nec
852 3584 915 3646 iarn
938 3580 1089 3646 radicibus
1112 3580 1219 3646 validis
1242 3582 1316 3661 fixa3

201 3701 272 3765 dum
307 3708 414 3766 trunco
444 3701 508 3765 solo
538 3723 598 3766 non
630 3700 787 3764 frondibus
819 3701 925 3766 umbra
959 3700 1100 3780 efficitur,
1136 3721 1316 3784 quamquam

200 3826 267 3916 ptot
313 3812 424 3885 circum
475 3821 569 3885 silvae
611 3821 696 3884 firmo
741 3799 778 3884 de
816 3819 922 3884 robore
964 3819 1071 3883 tollant
1112 3818 1175 3884 sola
1216 3825 1316 3884 tamen

199 3939 338 4005 colitur.''

147 4073 150 4078 ’
245 4058 383 4123 Caesaris
411 4066 511 4122 autem
540 4059 667 4144 gloriam
696 4057 852 4123 militarem
879 4065 966 4144 poeta
993 4057 1155 4123 detrectat:
1183 4059 1210 4122 ei
1238 4059 1316 4122 lama

202 4179 287 4243 ducis
318 4200 376 4242 non
408 4187 485 4258 est„
502 4199 568 4241 acer
595 4187 624 4242 et
651 4178 816 4244 indomitus
843 4177 922 4244 viam
949 4177 1035 4243 ruina
1062 4178 1169 4243 iecisse
1194 4177 1315 4264 gaudet.
