3308 5138
837 416 896 478 146

296 623 450 698 vvirtutem
473 623 640 711 praedicet,
665 644 754 708 quam
778 620 1018 686 aestimationem
1040 623 1174 688 nondum
1199 624 1281 711 apud
1303 630 1424 712 potitam

219 791 220 794 ,
308 763 519 828 repereramus.
565 741 674 806 Caesar
707 741 827 806 tandem
862 761 877 804 c
910 739 1033 804 latebris
1067 741 1170 827 prodit
1201 749 1232 807 et
1262 743 1369 808 fortem
1392 765 1425 806 se

301 861 490 928 defensorem
508 859 646 949 praebet:
670 860 724 924 hos
743 859 827 925 aditu
846 857 971 944 gladiis,
985 858 1106 943 ignibus
1119 860 1193 925 alios
1205 867 1296 947 arcet.
1320 863 1425 927 Nares

305 981 464 1047 incendere
476 987 611 1061 conatur,
625 980 706 1064 quod
717 985 779 1043 tam
792 977 867 1064 benp
879 977 1065 1078 eisucoedit,
1080 985 1187 1046 utnon
1198 986 1319 1046 tantum
1331 1003 1425 1046 naves

307 1106 455 1180 semustae
477 1099 509 1164 in
532 1121 660 1184 aequore
683 1085 853 1184 mergantur
861 1075 953 1172 ,sed
976 1079 1066 1162 etiam
1088 1097 1187 1163 vicina
1200 1099 1425 1191 mariaedificis

307 1219 386 1304 ignis
422 1218 528 1304 rapiat.
581 1217 683 1298 Quum
718 1239 755 1281 ne
788 1239 884 1282 arcem
919 1216 1013 1302 ipsam
1047 1217 1127 1302 iguis
1160 1219 1426 1306 comprehenderet

305 1337 473 1402 timendum
496 1341 590 1418 esset,
614 1335 721 1401 Caesar
744 1335 841 1400 noctis
867 1335 997 1400 tenebris
1020 1341 1119 1401 tectus
1143 1337 1260 1402 carinae
1283 1337 1424 1419 insiluit,

308 1478 367 1541 qua
389 1462 509 1522 avectus
531 1455 664 1543 periculo
686 1455 855 1521 imminenti
878 1477 910 1520 se
933 1455 1092 1521 subtraxit.
1138 1429 1139 1433 Ἰ

350 1578 498 1642 Auctores
533 1575 689 1641 seditionis
717 1597 828 1662 poenas
860 1574 980 1639 meritas
1011 1574 1127 1640 sceleris
1157 1576 1321 1642 solverunt.
1366 1577 1427 1642 Po·

306 1693 411 1759 thinus
440 1695 542 1760 eodem
578 1694 668 1759 modo
693 1717 753 1780 quo
778 1694 957 1780 Pompeium
985 1693 1228 1760 interficiendum
1252 1704 1426 1778 curaverat,

306 1814 483 1878 interfectus
518 1819 573 1879 est.
619 1813 748 1878 Arsiuott
782 1813 842 1878 filia
873 1813 970 1878 minor
992 1819 1068 1878 natu
1091 1814 1255 1880 Ptolemaei
1280 1815 1426 1897 Auletae,

308 1956 326 1997 a
362 1957 447 1998 servo
482 1932 657 2020 Ganymede
689 1937 822 2012 servata,
865 1931 1015 1998 Achillam
1048 1933 1126 1997 ferro
1155 1934 1314 2002 transfixit.
1359 1936 1428 2002 Iam

308 2053 471 2117 secundum
506 2052 630 2137 quidem
664 2049 803 2138 Pompeii
836 2050 988 2137 piaculum
1016 2051 1093 2116 iacet
1101 2077 1110 2130 ;
1151 2057 1252 2117 tamen
1275 2053 1428 2120 Fortunae

305 2171 378 2236 satis
400 2193 461 2236 non
484 2176 543 2236 est:
571 2171 644 2236 dum
666 2169 774 2235 Caesar
796 2168 862 2256 ipse
885 2169 993 2234 ultrice
1017 2170 1149 2258 pugione
1172 2170 1250 2235 ictus
1273 2193 1334 2238 non
1361 2179 1426 2254 est,

309 2289 439 2376 Magnus
461 2289 576 2356 inultus
600 2290 665 2357 erit.

351 2407 391 2471 Iu
421 2408 529 2495 exigua
558 2408 647 2474 molis
678 2408 776 2495 spatio
805 2409 954 2474 inclusum
984 2415 1072 2496 potita
1101 2408 1254 2474 Caesarem
1288 2410 1322 2474 in
1348 2409 1426 2496 ipso

306 2529 438 2615 periculo
479 2528 636 2612 reliquit..
665 2527 791 2594 Librum
833 2529 982 2594 decimum
1016 2529 1157 2594 Lucanus
1191 2551 1252 2594 nou
1287 2527 1425 2596 absolvit.

310 2645 409 2728 Quem
437 2645 475 2710 ad
511 2647 598 2712 finem
631 2652 721 2734 poeta
749 2669 825 2734 opus
856 2669 944 2712 suum
973 2647 1133 2734 perducere
1155 2647 1188 2712 in
1211 2647 1310 2713 auimo
1333 2647 1427 2712 fuerit

309 2766 457 2832 incertum
479 2771 534 2832 est.
579 2765 657 2832 Sunt
680 2767 732 2854 qui
755 2766 889 2832 Caesaris
913 2767 1033 2832 caedem
1047 2773 1155 2832 metam
1168 2766 1225 2832 sibi
1236 2766 1427 2853 proposuisse

309 2885 467 2950 Lucanum
501 2888 677 2973 putent1);
713 2893 785 2950 sunt
819 2885 873 2970 qui
902 2908 1034 2972 pugnam
1063 2886 1199 2950 navalem
1233 2885 1270 2949 ad
1299 2887 1427 2951 Actium

310 3003 483 3070 existiment
495 3007 537 3089 2),
575 3005 658 3090 quod
692 3005 813 3090 quidem
853 3005 1038 3092 proposit-um
1077 3005 1238 3084 effecisset,
1280 3011 1315 3069 ut
1349 3027 1427 3091 opus

312 3122 409 3190 maius
461 3131 548 3216 poeta
597 3125 784 3202 inchoasset,
836 3147 925 3208 quam
954 3122 1055 3210 ,quod
1106 3145 1175 3187 eum
1221 3123 1428 3188 absoluturum

312 3241 467 3328 probabile
508 3249 594 3309 esset.
647 3240 796 3328 Denique,
829 3250 918 3321 suut,
960 3243 1013 3327 qui
1052 3240 1199 3328 proelium
1239 3242 1318 3328 apud
1352 3242 1427 3306 Phi·

309 3361 408 3448 lippos
469 3363 615 3448 pottmatis
671 3363 809 3428 futurum
865 3361 958 3427 fuisse
1009 3362 1115 3442 linem,
1172 3361 1363 3427 arbitrentur.
1399 3364 1427 3446 8)

309 3479 405 3546 Bruto
442 3480 606 3566 Cassioque
638 3481 728 3546 victis
760 3482 882 3547 libertas
915 3503 986 3546 vcra
1019 3480 1205 3546 succubuit:
1229 3503 1275 3546 res
1305 3480 1438 3568 publica

313 3599 392 3684 apud
426 3598 600 3665 Pharsalum
633 3599 777 3665 labefacta
811 3600 891 3687 apud
921 3599 1077 3688 Philippos
1101 3601 1237 3667 conlecta
1258 3606 1313 3671 est.
1358 3599 1428 3664 Etsi

312 3877 544 3890 *n——n

341 4055 363 4126 ¹)
381 4055 413 4114 F.
431 4053 535 4110 Jacobs.

340 4141 361 4213 ²)
381 4143 428 4199 Dr.
447 4141 478 4197 F.
497 4141 534 4198 H.
552 4139 651 4198 Rothe.
669 4140 809 4197 Lucanus:
826 4142 926 4216 stuttg.
948 4143 1025 4201 1855.

341 4229 362 4302 ³)
382 4227 486 4286 Weber.
