3308 5138
879 423 917 484 96

339 628 490 694 κλύδωνα·
522 637 643 709 Καῖσαρ
669 627 773 709 <pipere
800 627 852 694 aa}
880 628 934 702 chr
960 626 1112 709 Καίσαρος
1139 629 1265 710 τύχην”
1295 632 1458 698 aLucano

334 770 395 814 nou
422 749 617 814 omittuntur:
642 747 755 833 quihus
778 747 901 834 quidem
922 753 1026 834 poeta,
1060 749 1185 815 mutatis
1209 748 1324 832 verbis,
1351 750 1456 816 eodem

336 889 424 932 sensu
448 867 559 934 utitur:

933 987 1010 1053 coeli
1032 987 1090 1053 istc
1112 989 1267 1076 fretusque

387 1113 388 1117 ’
423 1105 495 1170 Non
519 1106 629 1193 puppis
652 1111 769 1172 nostrae
791 1105 875 1171 labor
898 1112 959 1172 est:
986 1106 1062 1171 hanc
1086 1106 1212 1172 Caesare
1235 1129 1369 1194 pressam

425 1226 454 1289 A
476 1225 571 1290 fluctu
595 1225 730 1290 defendit
752 1247 839 1291 onus.
1202 1229 1303 1312 (586).

379 1341 488 1408 Florus
506 1365 626 1429 quoque
650 1344 741 1410 huius
764 1345 807 1410 rei
826 1344 1009 1410 mentionem
1027 1343 1112 1411 lecit.
1146 1344 1260 1410 Narrat
1282 1344 1373 1425 enim,
1397 1367 1456 1430 quo

338 1462 426 1529 modo
443 1463 615 1530 incredibili
637 1464 762 1529 audacia
785 1487 877 1550 parva
901 1471 964 1530 rate
987 1463 1132 1529 Hadriam
1156 1464 1294 1530 traiicere
1317 1469 1455 1543 conatus,

337 1589 371 1647 ut
400 1582 465 1669 ipse
494 1581 562 1648 illas
591 1583 691 1669 copies
722 1583 918 1673 adduceret,s
932 1583 971 1648 ad
1005 1583 1234 1670 gubernatorem
1258 1583 1456 1670 trepidantem

337 1700 462 1768 dixerit:
492 1700 597 1782 “Quid
621 1701 732 1766 times?
756 1700 913 1766 Caesarem
937 1701 1061 1767 vehisl’'

371 1821 423 1904 ⁴ln
444 1819 573 1886 Liviana
596 1820 733 1886 Perioch.
753 1820 828 1886 CXI
852 1821 924 1886 haec
950 1827 1069 1886 tantum
1087 1820 1246 1908 leguntur:
1275 1820 1350 1902 ,Cu
1371 1818 1457 1886 Pom·

337 1940 433 2027 peius,
457 1939 495 2004 ed
516 1939 737 2025 Dyrrhachium
761 1939 884 2005 obessus
907 1938 1061 2005 aCaesare
1081 1944 1112 2004 et
1128 1939 1285 2026 praesidiis
1301 1940 1368 2005 eius
1388 1961 1456 2005 cum

338 2082 447 2146 magna
481 2057 562 2124 clade
597 2057 730 2124 diversae
764 2059 858 2146 partis
893 2059 1071 2145 expugnetis
1108 2058 1262 2125 obsidione
1295 2059 1454 2137 liberatus,

338 2179 482 2244 translato
508 2182 541 2243 in
563 2177 745 2243 Thessaliam
769 2177 848 2244 bello
872 2179 952 2265 apud
974 2179 1151 2244 Pharsalum
1173 2180 1236 2245 acie
1258 2179 1357 2246 victus
1380 2177 1456 2245 est”.

382 2298 505 2364 Nullam
535 2294 670 2363 videmus
701 2297 812 2363 iustam
840 2319 976 2379 causam,
1006 2319 1059 2363 cur
1087 2304 1246 2384 procerte
1280 2299 1457 2364 affirmemus

338 2418 460 2484 Livium
484 2417 607 2482 Lucano
631 2423 783 2482 auctorem
805 2417 915 2499 fuisse,
939 2418 996 2482 etsi
1019 2417 1104 2483 nullo
1127 2419 1218 2482 modo
1238 2417 1329 2484 abeo
1349 2417 1456 2482 discre-

339 2544 401 2626 pet.
456 2538 497 2602 ut
533 2537 592 2602 Dio
629 2535 749 2602 Cassius
786 2543 816 2601 et
853 2536 1010 2623 Appianus
1047 2543 1078 2601 et
1114 2537 1222 2602 Florus
1257 2544 1287 2602 et
1320 2537 1458 2602 Valerius

337 2657 492 2724 Maximus
515 2664 577 2722 tam
600 2655 742 2722 unanimo
766 2678 912 2721 consensu
934 2657 1032 2722 audax
1060 2654 1195 2722 Caesaris
1215 2657 1371 2742 inceptum
1394 2679 1459 2720 nar·

340 2783 422 2859 rant,
447 2783 482 2842 ut
505 2776 587 2842 nulla
609 2774 759 2842 dubitatio
782 2774 908 2855 oriatur,
932 2776 1006 2861 quin
1024 2798 1060 2840 ex
1077 2776 1181 2840 eodem
1201 2775 1286 2840 fonte
1305 2747 1458 2839 communi

340 2898 505 2964 hauserint.
550 2896 626 2962 Cum
656 2893 794 2961 omnibus
824 2894 963 2960 Lucanus
990 2895 1155 2974 consentit,
1186 2915 1369 2978 quemquam
1400 2915 1459 2957 non

342 3018 528 3105 suspicatur,
559 3016 652 3104 (quod
685 3014 765 3101 apud
799 3013 937 3079 Cassium
962 3013 1089 3078 Dionem
1113 3013 1315 3097 invenimus),
1352 3014 1460 3077 Caesa-

342 3161 404 3204 rem
438 3136 638 3224 proditionem
670 3133 798 3224 Autonii
828 3134 1001 3213 timentem,
1035 3132 1175 3197 audaciae
1197 3130 1366 3197 indulsisse.
1412 3130 1460 3195 Ii·

341 3259 439 3324 vium·
466 3279 584 3321 rursum
629 3255 710 3320 huuc
760 3254 873 3318 fontem
915 3273 1102 3316 communem
1138 3251 1229 3317 fuisse
1266 3247 1460 3327 coniicimus,

343 3399 436 3464 quum
476 3375 547 3440 talis
580 3375 710 3439 narratio
751 3395 769 3438 a
809 3392 917 3458 genere
958 3371 1023 3435 eius
1055 3369 1204 3437 scribendi
1237 3369 1361 3434 minime
1394 3369 1460 3433 alie·

341 3519 381 3560 na
422 3517 485 3560 esse
525 3491 671 3558 videatur.
717 3490 834 3556 'Livius
875 3489 956 3555 enim
997 3489 1061 3576 ipse
1103 3490 1130 3553 is
1167 3495 1246 3570 erat,
1289 3487 1344 3574 qui
1373 3489 1461 3554 talem

343 3635 406 3679 rem
453 3612 565 3678 vividis
615 3617 707 3696 atque
750 3608 890 3679 animetis
946 3608 1094 3673 coloribus
1139 3607 1323 3694 depingeret.
1383 3607 1462 3672 Fieri

345 3739 446 3798 tamen
477 3737 586 3817 potest,
612 3737 647 3796 ut
681 3729 854 3817 Appianus,
890 3727 1142 3812 quemadmodum
1178 3727 1296 3814 saepius
1319 3726 1396 3792 solet
1420 3729 1461 3814 1),

344 3851 450 3916 herum
473 3873 570 3915 rerum
595 3848 825 3936 descriptionem
849 3870 885 3912 ex
908 3845 1055 3911 Pollionis
1079 3845 1205 3910 historia
1228 3845 1462 3934 deprompserit,

338 4021 600 4036 -,-.-..-

373 4133 394 4204 ¹)
412 4130 469 4188 Nos
479 4129 558 4186 etiam
568 4128 704 4202 suspicari,
722 4126 925 4200 descriptionem
939 4144 1027 4181 rerum
1041 4125 1074 4181 ad
1091 4127 1256 4186 Rubiconem
1271 4133 1416 4203 gestarum,
1435 4128 1467 4186 ab

338 4218 461 4294 Appiano
480 4236 513 4274 ex
531 4216 614 4272 Asinii
633 4213 763 4271 Pollionis
781 4212 891 4270 historia
908 4212 1019 4285 petitam
1038 4229 1108 4282 esse,
1127 4213 1179 4270 iam
1195 4233 1275 4290 supra
1293 4216 1450 4274 monuimus.
