<?xml version="1.0" encoding="UTF-8"?>
<!DOCTYPE html PUBLIC "-//W3C//DTD XHTML 1.0 Transitional//EN"
    "http://www.w3.org/TR/xhtml1/DTD/xhtml1-transitional.dtd">
<html xmlns="http://www.w3.org/1999/xhtml" xml:lang="en" lang="en">
 <head>
  <title>
</title>
<meta http-equiv="Content-Type" content="text/html;charset=utf-8" />
  <meta name='ocr-system' content='tesseract 3.04.00' />
  <meta name='ocr-capabilities' content='ocr_page ocr_carea ocr_par ocr_line ocrx_word'/>
</head>
<body>
  <div class='ocr_page' id='page_1' title='image "./delucanifontibu00singgoog_0121.png"; bbox 0 0 3308 5138; ppageno 0'>
   <div class='ocr_carea' id='block_1_1' title="bbox 823 399 884 460">
    <p class='ocr_par' dir='ltr' id='par_1_1' title="bbox 823 399 884 460">
     <span class='ocr_line' id='line_1_1' title="bbox 823 399 884 460; baseline 0 0"><span class='ocrx_word' id='word_1_1' title='bbox 823 399 884 460; x_wconf 81' lang='lat'><strong>110</strong></span> 
     </span>
    </p>
   </div>
   <div class='ocr_carea' id='block_1_2' title="bbox 290 602 1412 1290">
    <p class='ocr_par' dir='ltr' id='par_1_2' title="bbox 290 602 1412 1290">
     <span class='ocr_line' id='line_1_2' title="bbox 292 602 1412 692; baseline 0.005 -24"><span class='ocrx_word' id='word_1_2' title='bbox 292 602 483 670; x_wconf 79' lang='lat' dir='ltr'><strong>conscendit:</strong></span> <span class='ocrx_word' id='word_1_3' title='bbox 512 602 594 667; x_wconf 91' lang='lat' dir='ltr'><strong>nullo</strong></span> <span class='ocrx_word' id='word_1_4' title='bbox 625 602 744 689; x_wconf 86' lang='lat' dir='ltr'><strong>gemitu</strong></span> <span class='ocrx_word' id='word_1_5' title='bbox 758 603 880 680; x_wconf 90' lang='lat' dir='ltr'><strong>audito,</strong></span> <span class='ocrx_word' id='word_1_6' title='bbox 913 605 996 671; x_wconf 91' lang='lat' dir='ltr'><strong>nulla</strong></span> <span class='ocrx_word' id='word_1_7' title='bbox 1018 607 1142 673; x_wconf 87' lang='lat' dir='ltr'><strong>lacrima</strong></span> <span class='ocrx_word' id='word_1_8' title='bbox 1166 610 1266 692; x_wconf 45' lang='lat' dir='ltr'><strong>effuse,</strong></span> <span class='ocrx_word' id='word_1_9' title='bbox 1280 611 1412 676; x_wconf 88' lang='lat' dir='ltr'><strong>dolorem</strong></span> 
     </span>
     <span class='ocr_line' id='line_1_3' title="bbox 290 700 1411 815; baseline 0.007 -29"><span class='ocrx_word' id='word_1_10' title='bbox 290 721 454 787; x_wconf 90' lang='lat' dir='ltr'><strong>verendum</strong></span> <span class='ocrx_word' id='word_1_11' title='bbox 477 700 567 788; x_wconf 85' lang='lat' dir='ltr'><strong>salva</strong></span> <span class='ocrx_word' id='word_1_12' title='bbox 582 721 737 788; x_wconf 86' lang='lat' dir='ltr'><strong>maiestate</strong></span> <span class='ocrx_word' id='word_1_13' title='bbox 759 745 860 788; x_wconf 91' lang='lat' dir='ltr'><strong>secum</strong></span> <span class='ocrx_word' id='word_1_14' title='bbox 883 725 997 805; x_wconf 84' lang='lat' dir='ltr'><strong>aufert,</strong></span> <span class='ocrx_word' id='word_1_15' title='bbox 1023 727 1144 811; x_wconf 89' lang='lat' dir='ltr'><strong>qualem</strong></span> <span class='ocrx_word' id='word_1_16' title='bbox 1168 729 1315 815; x_wconf 85' lang='lat' dir='ltr'><strong>Magnum</strong></span> <span class='ocrx_word' id='word_1_17' title='bbox 1328 729 1411 794; x_wconf 89' lang='lat' dir='ltr'><strong>dece·</strong></span> 
     </span>
     <span class='ocr_line' id='line_1_4' title="bbox 290 839 1410 928; baseline 0.006 -22"><span class='ocrx_word' id='word_1_18' title='bbox 290 839 342 906; x_wconf 90' lang='lat' dir='ltr'><strong>bat</strong></span> <span class='ocrx_word' id='word_1_19' title='bbox 369 839 573 906; x_wconf 86' lang='lat' dir='ltr'><strong>Romanorum</strong></span> <span class='ocrx_word' id='word_1_20' title='bbox 603 840 690 906; x_wconf 84' lang='lat' dir='ltr'><strong>malis</strong></span> <span class='ocrx_word' id='word_1_21' title='bbox 720 847 878 928; x_wconf 87' lang='lat' dir='ltr'><strong>praestare.</strong></span> <span class='ocrx_word' id='word_1_22' title='bbox 922 843 1060 908; x_wconf 78' lang='lat' dir='ltr'><strong>Tacitum</strong></span> <span class='ocrx_word' id='word_1_23' title='bbox 1091 844 1222 911; x_wconf 90' lang='lat' dir='ltr'><strong>dolorem</strong></span> <span class='ocrx_word' id='word_1_24' title='bbox 1245 847 1345 913; x_wconf 90' lang='lat' dir='ltr'><strong>animo</strong></span> <span class='ocrx_word' id='word_1_25' title='bbox 1368 847 1410 913; x_wconf 88' lang='lat' dir='ltr'><strong>fe·</strong></span> 
     </span>
     <span class='ocr_line' id='line_1_5' title="bbox 291 958 1410 1049; baseline 0.005 -23"><span class='ocrx_word' id='word_1_26' title='bbox 291 982 359 1026; x_wconf 90' lang='lat' dir='ltr'><strong>rens</strong></span> <span class='ocrx_word' id='word_1_27' title='bbox 380 960 511 1047; x_wconf 86' lang='lat' dir='ltr'><strong>primum</strong></span> <span class='ocrx_word' id='word_1_28' title='bbox 527 958 678 1026; x_wconf 79' lang='lat' dir='ltr'><strong>Larissam</strong></span> <span class='ocrx_word' id='word_1_29' title='bbox 701 961 800 1042; x_wconf 90' lang='lat' dir='ltr'><strong>venit;</strong></span> <span class='ocrx_word' id='word_1_30' title='bbox 824 985 841 1026; x_wconf 92' lang='lat' dir='ltr'><strong>a</strong></span> <span class='ocrx_word' id='word_1_31' title='bbox 863 961 936 1049; x_wconf 86' lang='lat' dir='ltr'><strong>fuga</strong></span> <span class='ocrx_word' id='word_1_32' title='bbox 958 969 1056 1028; x_wconf 89' lang='lat' dir='ltr'><strong>tamen</strong></span> <span class='ocrx_word' id='word_1_33' title='bbox 1080 963 1223 1032; x_wconf 84' lang='lat' dir='ltr'>desistere</span> <span class='ocrx_word' id='word_1_34' title='bbox 1245 989 1307 1032; x_wconf 92' lang='lat' dir='ltr'><strong>non</strong></span> <span class='ocrx_word' id='word_1_35' title='bbox 1329 967 1410 1047; x_wconf 84' lang='lat' dir='ltr'><strong>vult,</strong></span> 
     </span>
     <span class='ocr_line' id='line_1_6' title="bbox 291 1078 1412 1166; baseline 0.004 -21"><span class='ocrx_word' id='word_1_36' title='bbox 291 1079 363 1145; x_wconf 90' lang='lat' dir='ltr'><strong>licet</strong></span> <span class='ocrx_word' id='word_1_37' title='bbox 400 1080 479 1145; x_wconf 86' lang='lat' dir='ltr'><strong>cives</strong></span> <span class='ocrx_word' id='word_1_38' title='bbox 515 1080 543 1146; x_wconf 93' lang='lat' dir='ltr'><strong>ei</strong></span> <span class='ocrx_word' id='word_1_39' title='bbox 572 1078 695 1166; x_wconf 80' lang='lat' dir='ltr'>benigni</span> <span class='ocrx_word' id='word_1_40' title='bbox 727 1079 847 1146; x_wconf 89' lang='lat' dir='ltr'><strong>obviam</strong></span> <span class='ocrx_word' id='word_1_41' title='bbox 878 1080 1013 1162; x_wconf 87' lang='lat' dir='ltr'><strong>veniant,</strong></span> <span class='ocrx_word' id='word_1_42' title='bbox 1038 1104 1107 1148; x_wconf 93' lang='lat' dir='ltr'><strong>cum</strong></span> <span class='ocrx_word' id='word_1_43' title='bbox 1129 1083 1265 1149; x_wconf 90' lang='lat' dir='ltr'><strong>tristibus</strong></span> <span class='ocrx_word' id='word_1_44' title='bbox 1291 1085 1412 1152; x_wconf 89' lang='lat' dir='ltr'><strong>fletibus</strong></span> 
     </span>
     <span class='ocr_line' id='line_1_7' title="bbox 292 1191 1234 1290; baseline 0.004 -26"><span class='ocrx_word' id='word_1_45' title='bbox 292 1191 416 1266; x_wconf 89' lang='lat' dir='ltr'><strong>munera</strong></span> <span class='ocrx_word' id='word_1_46' title='bbox 437 1199 647 1286; x_wconf 75' lang='lat' dir='ltr'><strong>promittentes</strong></span> <span class='ocrx_word' id='word_1_47' title='bbox 670 1221 761 1284; x_wconf 89' lang='lat' dir='ltr'><strong>seque</strong></span> <span class='ocrx_word' id='word_1_48' title='bbox 784 1198 916 1265; x_wconf 90' lang='lat' dir='ltr'><strong>cladium</strong></span> <span class='ocrx_word' id='word_1_49' title='bbox 938 1202 1063 1267; x_wconf 85' lang='lat' dir='ltr'><strong>comites</strong></span> <span class='ocrx_word' id='word_1_50' title='bbox 1086 1207 1234 1290; x_wconf 87' lang='lat' dir='ltr'><strong>optantes.</strong></span> 
     </span>
    </p>
   </div>
   <div class='ocr_carea' id='block_1_3' title="bbox 271 1317 1478 4274">
    <p class='ocr_par' dir='ltr' id='par_1_3' title="bbox 284 1317 1410 2721">
     <span class='ocr_line' id='line_1_8' title="bbox 332 1317 1410 1409; baseline 0.006 -26"><span class='ocrx_word' id='word_1_51' title='bbox 332 1317 446 1383; x_wconf 79' lang='lat' dir='ltr'><strong>Castris</strong></span> <span class='ocrx_word' id='word_1_52' title='bbox 468 1317 605 1404; x_wconf 91' lang='lat' dir='ltr'><strong>Pompeii</strong></span> <span class='ocrx_word' id='word_1_53' title='bbox 627 1317 703 1382; x_wconf 83' lang='lat' dir='ltr'><strong>victi</strong></span> <span class='ocrx_word' id='word_1_54' title='bbox 725 1339 760 1382; x_wconf 90' lang='lat' dir='ltr'><strong>ac</strong></span> <span class='ocrx_word' id='word_1_55' title='bbox 789 1318 886 1404; x_wconf 83' lang='lat' dir='ltr'><strong>fugati</strong></span> <span class='ocrx_word' id='word_1_56' title='bbox 909 1318 1017 1385; x_wconf 88' lang='lat' dir='ltr'><strong>Caesar</strong></span> <span class='ocrx_word' id='word_1_57' title='bbox 1045 1321 1179 1408; x_wconf 86' lang='lat' dir='ltr'><strong>potitus,</strong></span> <span class='ocrx_word' id='word_1_58' title='bbox 1215 1323 1355 1409; x_wconf 87' lang='lat' dir='ltr'><strong>praedam</strong></span> <span class='ocrx_word' id='word_1_59' title='bbox 1378 1325 1410 1389; x_wconf 91' lang='lat' dir='ltr'><strong>in</strong></span> 
     </span>
     <span class='ocr_line' id='line_1_9' title="bbox 288 1435 1410 1530; baseline 0.004 -27"><span class='ocrx_word' id='word_1_60' title='bbox 288 1438 326 1503; x_wconf 87' lang='lat' dir='ltr'><strong>iis</strong></span> <span class='ocrx_word' id='word_1_61' title='bbox 355 1437 508 1503; x_wconf 87' lang='lat' dir='ltr'><strong>inventam</strong></span> <span class='ocrx_word' id='word_1_62' title='bbox 537 1435 687 1502; x_wconf 87' lang='lat' dir='ltr'><strong>militibus</strong></span> <span class='ocrx_word' id='word_1_63' title='bbox 717 1436 872 1522; x_wconf 86' lang='lat' dir='ltr'><strong>relinquit.</strong></span> <span class='ocrx_word' id='word_1_64' title='bbox 919 1439 1029 1504; x_wconf 84' lang='lat' dir='ltr'><strong>Statim</strong></span> <span class='ocrx_word' id='word_1_65' title='bbox 1060 1441 1139 1506; x_wconf 92' lang='lat' dir='ltr'><strong>enim</strong></span> <span class='ocrx_word' id='word_1_66' title='bbox 1162 1447 1260 1506; x_wconf 88' lang='lat' dir='ltr'><strong>castra</strong></span> <span class='ocrx_word' id='word_1_67' title='bbox 1282 1463 1410 1530; x_wconf 90' lang='lat' dir='ltr'><strong>occupa-</strong></span> 
     </span>
     <span class='ocr_line' id='line_1_10' title="bbox 286 1555 1409 1648; baseline 0.005 -27"><span class='ocrx_word' id='word_1_68' title='bbox 286 1564 370 1624; x_wconf 82' lang='lat' dir='ltr'><strong>verat</strong></span> <span class='ocrx_word' id='word_1_69' title='bbox 391 1580 429 1623; x_wconf 91' lang='lat' dir='ltr'><strong>ne</strong></span> <span class='ocrx_word' id='word_1_70' title='bbox 449 1556 509 1622; x_wconf 86' lang='lat' dir='ltr'><strong>fusi</strong></span> <span class='ocrx_word' id='word_1_71' title='bbox 528 1555 685 1642; x_wconf 82' lang='lat' dir='ltr'><strong>fugatique</strong></span> <span class='ocrx_word' id='word_1_72' title='bbox 707 1555 755 1620; x_wconf 93' lang='lat' dir='ltr'><strong>his</strong></span> <span class='ocrx_word' id='word_1_73' title='bbox 777 1564 995 1625; x_wconf 87' lang='lat' dir='ltr'><strong>revocarentur.</strong></span> <span class='ocrx_word' id='word_1_74' title='bbox 1030 1559 1159 1646; x_wconf 90' lang='lat' dir='ltr'><strong>Impulit</strong></span> <span class='ocrx_word' id='word_1_75' title='bbox 1182 1560 1409 1648; x_wconf 77' lang='lat' dir='ltr'><strong>igiturtlaesar</strong></span> 
     </span>
     <span class='ocr_line' id='line_1_11' title="bbox 286 1677 1409 1767; baseline -0.002 -20"><span class='ocrx_word' id='word_1_76' title='bbox 286 1680 399 1748; x_wconf 90' lang='lat' dir='ltr'><strong>milites</strong></span> <span class='ocrx_word' id='word_1_77' title='bbox 415 1685 548 1746; x_wconf 90' lang='lat' dir='ltr'><strong>amentes</strong></span> <span class='ocrx_word' id='word_1_78' title='bbox 567 1679 709 1767; x_wconf 89' lang='lat' dir='ltr'><strong>cupidine</strong></span> <span class='ocrx_word' id='word_1_79' title='bbox 731 1677 811 1759; x_wconf 86' lang='lat' dir='ltr'><strong>auri;</strong></span> <span class='ocrx_word' id='word_1_80' title='bbox 839 1678 914 1744; x_wconf 88' lang='lat' dir='ltr'><strong>seire</strong></span> <span class='ocrx_word' id='word_1_81' title='bbox 926 1679 1063 1765; x_wconf 84' lang='lat' dir='ltr'><strong>gestiunt</strong></span> <span class='ocrx_word' id='word_1_82' title='bbox 1075 1686 1187 1764; x_wconf 88' lang='lat' dir='ltr'><strong>quanta</strong></span> <span class='ocrx_word' id='word_1_83' title='bbox 1199 1679 1333 1746; x_wconf 90' lang='lat' dir='ltr'><strong>mercede</strong></span> <span class='ocrx_word' id='word_1_84' title='bbox 1345 1703 1409 1746; x_wconf 89' lang='lat' dir='ltr'><strong>sese</strong></span> 
     </span>
     <span class='ocr_line' id='line_1_12' title="bbox 286 1797 1410 1868; baseline 0 -2"><span class='ocrx_word' id='word_1_85' title='bbox 286 1801 403 1867; x_wconf 87' lang='lat' dir='ltr'><strong>sceleris</strong></span> <span class='ocrx_word' id='word_1_86' title='bbox 426 1799 572 1865; x_wconf 87' lang='lat' dir='ltr'><strong>obnoxios</strong></span> <span class='ocrx_word' id='word_1_87' title='bbox 594 1797 730 1864; x_wconf 87' lang='lat' dir='ltr'><strong>fecerint.</strong></span> <span class='ocrx_word' id='word_1_88' title='bbox 775 1799 915 1865; x_wconf 83' lang='lat' dir='ltr'><strong>Avaritia</strong></span> <span class='ocrx_word' id='word_1_89' title='bbox 937 1798 1060 1868; x_wconf 88' lang='lat' dir='ltr'><strong>taudem</strong></span> <span class='ocrx_word' id='word_1_90' title='bbox 1084 1800 1192 1866; x_wconf 86' lang='lat' dir='ltr'><strong>satiata</strong></span> <span class='ocrx_word' id='word_1_91' title='bbox 1214 1823 1232 1866; x_wconf 89' lang='lat' dir='ltr'><strong>a</strong></span> <span class='ocrx_word' id='word_1_92' title='bbox 1251 1800 1410 1866; x_wconf 77' lang='lat' dir='ltr'><strong>sceleribus</strong></span> 
     </span>
     <span class='ocr_line' id='line_1_13' title="bbox 285 1917 1409 2007; baseline -0.001 -22"><span class='ocrx_word' id='word_1_93' title='bbox 285 1920 368 2007; x_wconf 83' lang='lat' dir='ltr'><strong>ipsis,</strong></span> <span class='ocrx_word' id='word_1_94' title='bbox 392 1919 622 1986; x_wconf 87' lang='lat' dir='ltr'><strong>utfamemauri</strong></span> <span class='ocrx_word' id='word_1_95' title='bbox 645 1917 799 2006; x_wconf 84' lang='lat' dir='ltr'><strong>expleant,</strong></span> <span class='ocrx_word' id='word_1_96' title='bbox 824 1941 886 1984; x_wconf 91' lang='lat' dir='ltr'><strong>non</strong></span> <span class='ocrx_word' id='word_1_97' title='bbox 909 1917 1079 1986; x_wconf 85' lang='lat' dir='ltr'><strong>abhorrent.</strong></span> <span class='ocrx_word' id='word_1_98' title='bbox 1114 1917 1245 2006; x_wconf 84' lang='lat' dir='ltr'><strong>Corpora</strong></span> <span class='ocrx_word' id='word_1_99' title='bbox 1257 1927 1293 1986; x_wconf 93' lang='lat' dir='ltr'><strong>ut</strong></span> <span class='ocrx_word' id='word_1_100' title='bbox 1304 1942 1409 1985; x_wconf 93' lang='lat' dir='ltr'><strong>somno</strong></span> 
     </span>
     <span class='ocr_line' id='line_1_14' title="bbox 284 2036 1409 2126; baseline 0.001 -22"><span class='ocrx_word' id='word_1_101' title='bbox 284 2039 401 2121; x_wconf 86' lang='lat' dir='ltr'><strong>levent,</strong></span> <span class='ocrx_word' id='word_1_102' title='bbox 425 2038 520 2126; x_wconf 92' lang='lat' dir='ltr'><strong>impia</strong></span> <span class='ocrx_word' id='word_1_103' title='bbox 541 2037 627 2125; x_wconf 90' lang='lat' dir='ltr'><strong>plebs</strong></span> <span class='ocrx_word' id='word_1_104' title='bbox 654 2037 687 2102; x_wconf 90' lang='lat' dir='ltr'><strong>in</strong></span> <span class='ocrx_word' id='word_1_105' title='bbox 724 2059 776 2104; x_wconf 93' lang='lat' dir='ltr'><strong>oro</strong></span> <span class='ocrx_word' id='word_1_106' title='bbox 798 2037 926 2124; x_wconf 88' lang='lat' dir='ltr'><strong>patricio</strong></span> <span class='ocrx_word' id='word_1_107' title='bbox 947 2036 1082 2104; x_wconf 90' lang='lat' dir='ltr'><strong>membra</strong></span> <span class='ocrx_word' id='word_1_108' title='bbox 1104 2039 1244 2104; x_wconf 86' lang='lat' dir='ltr'><strong>nocentia</strong></span> <span class='ocrx_word' id='word_1_109' title='bbox 1260 2040 1409 2105; x_wconf 90' lang='lat' dir='ltr'><strong>tendunt:</strong></span> 
     </span>
     <span class='ocr_line' id='line_1_15' title="bbox 285 2156 1408 2246; baseline 0 -22"><span class='ocrx_word' id='word_1_110' title='bbox 285 2159 318 2225; x_wconf 94' lang='lat' dir='ltr'><strong>in</strong></span> <span class='ocrx_word' id='word_1_111' title='bbox 340 2164 500 2246; x_wconf 87' lang='lat' dir='ltr'><strong>parentum</strong></span> <span class='ocrx_word' id='word_1_112' title='bbox 521 2157 709 2242; x_wconf 84' lang='lat' dir='ltr'><strong>fratrumque</strong></span> <span class='ocrx_word' id='word_1_113' title='bbox 730 2156 880 2223; x_wconf 89' lang='lat' dir='ltr'><strong>cubilibus</strong></span> <span class='ocrx_word' id='word_1_114' title='bbox 895 2176 896 2180; x_wconf 74' lang='grc'>’</span> <span class='ocrx_word' id='word_1_115' title='bbox 910 2179 1021 2224; x_wconf 89' lang='lat' dir='ltr'><strong>nocens</strong></span> <span class='ocrx_word' id='word_1_116' title='bbox 1053 2157 1134 2224; x_wconf 87' lang='lat' dir='ltr'><strong>lilius</strong></span> <span class='ocrx_word' id='word_1_117' title='bbox 1159 2159 1309 2245; x_wconf 83' lang='lat' dir='ltr'><strong>fraterque</strong></span> <span class='ocrx_word' id='word_1_118' title='bbox 1332 2181 1408 2224; x_wconf 94' lang='lat' dir='ltr'><strong>som·</strong></span> 
     </span>
     <span class='ocr_line' id='line_1_16' title="bbox 284 2277 1410 2366; baseline -0.001 -21"><span class='ocrx_word' id='word_1_119' title='bbox 284 2300 359 2345; x_wconf 91' lang='lat' dir='ltr'><strong>num</strong></span> <span class='ocrx_word' id='word_1_120' title='bbox 382 2277 524 2364; x_wconf 89' lang='lat' dir='ltr'><strong>capiunt;</strong></span> <span class='ocrx_word' id='word_1_121' title='bbox 547 2277 599 2342; x_wconf 89' lang='lat' dir='ltr'><strong>sed</strong></span> <span class='ocrx_word' id='word_1_122' title='bbox 622 2299 732 2342; x_wconf 87' lang='lat' dir='ltr'><strong>vesana</strong></span> <span class='ocrx_word' id='word_1_123' title='bbox 755 2277 841 2362; x_wconf 90' lang='lat' dir='ltr'><strong>quies</strong></span> <span class='ocrx_word' id='word_1_124' title='bbox 864 2299 921 2342; x_wconf 87' lang='lat' dir='ltr'><strong>eos·</strong></span> <span class='ocrx_word' id='word_1_125' title='bbox 945 2277 1057 2364; x_wconf 86' lang='lat' dir='ltr'><strong>agitat,</strong></span> <span class='ocrx_word' id='word_1_126' title='bbox 1089 2277 1240 2366; x_wconf 81' lang='lat' dir='ltr'><strong>invigilat</strong></span> <span class='ocrx_word' id='word_1_127' title='bbox 1269 2278 1410 2344; x_wconf 90' lang='lat' dir='ltr'><strong>omnibus</strong></span> 
     </span>
     <span class='ocr_line' id='line_1_17' title="bbox 288 2395 1408 2482; baseline -0.002 -19"><span class='ocrx_word' id='word_1_128' title='bbox 288 2419 413 2463; x_wconf 85' lang='lat' dir='ltr'><strong>saevum</strong></span> <span class='ocrx_word' id='word_1_129' title='bbox 434 2395 537 2460; x_wconf 82' lang='lat' dir='ltr'><strong>Scelus</strong></span> <span class='ocrx_word' id='word_1_130' title='bbox 566 2400 692 2480; x_wconf 90' lang='lat' dir='ltr'><strong>totaque</strong></span> <span class='ocrx_word' id='word_1_131' title='bbox 714 2403 815 2462; x_wconf 89' lang='lat' dir='ltr'><strong>mente</strong></span> <span class='ocrx_word' id='word_1_132' title='bbox 848 2418 930 2462; x_wconf 85' lang='lat' dir='ltr'><strong>arma</strong></span> <span class='ocrx_word' id='word_1_133' title='bbox 949 2396 1077 2482; x_wconf 86' lang='lat' dir='ltr'><strong>agitant.</strong></span> <span class='ocrx_word' id='word_1_134' title='bbox 1122 2396 1239 2464; x_wconf 87' lang='lat' dir='ltr'><strong>Poenas</strong></span> <span class='ocrx_word' id='word_1_135' title='bbox 1262 2395 1408 2462; x_wconf 88' lang='lat' dir='ltr'><strong>scelerum</strong></span> 
     </span>
     <span class='ocr_line' id='line_1_18' title="bbox 287 2514 1409 2603; baseline -0.002 -19"><span class='ocrx_word' id='word_1_136' title='bbox 287 2518 377 2584; x_wconf 87' lang='lat' dir='ltr'><strong>etiam</strong></span> <span class='ocrx_word' id='word_1_137' title='bbox 411 2515 592 2580; x_wconf 86' lang='lat' dir='ltr'><strong>dormientes</strong></span> <span class='ocrx_word' id='word_1_138' title='bbox 615 2514 704 2596; x_wconf 87' lang='lat' dir='ltr'><strong>dant,</strong></span> <span class='ocrx_word' id='word_1_139' title='bbox 734 2537 832 2600; x_wconf 91' lang='lat' dir='ltr'><strong>neque</strong></span> <span class='ocrx_word' id='word_1_140' title='bbox 858 2515 897 2580; x_wconf 87' lang='lat' dir='ltr'><strong>iis</strong></span> <span class='ocrx_word' id='word_1_141' title='bbox 921 2515 1021 2601; x_wconf 91' lang='lat' dir='ltr'><strong>quiete</strong></span> <span class='ocrx_word' id='word_1_142' title='bbox 1051 2520 1155 2603; x_wconf 87' lang='lat' dir='ltr'><strong>optata</strong></span> <span class='ocrx_word' id='word_1_143' title='bbox 1187 2517 1323 2603; x_wconf 87' lang='lat' dir='ltr'><strong>quidem,</strong></span> <span class='ocrx_word' id='word_1_144' title='bbox 1355 2517 1409 2582; x_wconf 86' lang='lat' dir='ltr'><strong>sed</strong></span> 
     </span>
     <span class='ocr_line' id='line_1_19' title="bbox 288 2634 833 2721; baseline -0.007 -17"><span class='ocrx_word' id='word_1_145' title='bbox 288 2660 349 2704; x_wconf 91' lang='lat' dir='ltr'><strong>non</strong></span> <span class='ocrx_word' id='word_1_146' title='bbox 371 2635 477 2700; x_wconf 88' lang='lat' dir='ltr'><strong>merita</strong></span> <span class='ocrx_word' id='word_1_147' title='bbox 499 2635 561 2700; x_wconf 86' lang='lat' dir='ltr'><strong>frui</strong></span> <span class='ocrx_word' id='word_1_148' title='bbox 582 2657 635 2721; x_wconf 89' lang='lat' dir='ltr'><strong>per</strong></span> <span class='ocrx_word' id='word_1_149' title='bbox 658 2634 730 2699; x_wconf 92' lang='lat' dir='ltr'><strong>deos</strong></span> <span class='ocrx_word' id='word_1_150' title='bbox 752 2634 833 2701; x_wconf 90' lang='lat' dir='ltr'><strong>licet.</strong></span> 
     </span>
    </p>

    <p class='ocr_par' dir='ltr' id='par_1_4' title="bbox 271 2753 1478 3917">
     <span class='ocr_line' id='line_1_20' title="bbox 333 2753 1407 2846; baseline 0.002 -24"><span class='ocrx_word' id='word_1_151' title='bbox 333 2754 441 2822; x_wconf 86' lang='lat' dir='ltr'><strong>anser</strong></span> <span class='ocrx_word' id='word_1_152' title='bbox 467 2753 595 2841; x_wconf 88' lang='lat' dir='ltr'><strong>cupidus</strong></span> <span class='ocrx_word' id='word_1_153' title='bbox 617 2753 722 2842; x_wconf 91' lang='lat' dir='ltr'><strong>proelii</strong></span> <span class='ocrx_word' id='word_1_154' title='bbox 745 2753 846 2820; x_wconf 91' lang='lat' dir='ltr'><strong>locum</strong></span> <span class='ocrx_word' id='word_1_155' title='bbox 868 2753 1001 2834; x_wconf 80' lang='lat' dir='ltr'><strong>visendi,</strong></span> <span class='ocrx_word' id='word_1_156' title='bbox 1025 2759 1145 2841; x_wconf 87' lang='lat' dir='ltr'><strong>postero</strong></span> <span class='ocrx_word' id='word_1_157' title='bbox 1168 2755 1218 2822; x_wconf 88' lang='lat' dir='ltr'><strong>die</strong></span> <span class='ocrx_word' id='word_1_158' title='bbox 1241 2757 1299 2823; x_wconf 91' lang='lat' dir='ltr'><strong>sibi</strong></span> <span class='ocrx_word' id='word_1_159' title='bbox 1323 2760 1407 2846; x_wconf 89' lang='lat' dir='ltr'><strong>cupi-</strong></span> 
     </span>
     <span class='ocr_line' id='line_1_21' title="bbox 290 2871 1409 2962; baseline 0.001 -20"><span class='ocrx_word' id='word_1_160' title='bbox 290 2876 354 2942; x_wconf 89' lang='lat' dir='ltr'><strong>enti</strong></span> <span class='ocrx_word' id='word_1_161' title='bbox 376 2874 531 2962; x_wconf 76' lang='lat' dir='ltr'><strong>indulgete</strong></span> <span class='ocrx_word' id='word_1_162' title='bbox 554 2871 650 2939; x_wconf 82' lang='lat' dir='ltr'><strong>cernit</strong></span> <span class='ocrx_word' id='word_1_163' title='bbox 671 2872 812 2960; x_wconf 87' lang='lat' dir='ltr'><strong>propulsa</strong></span> <span class='ocrx_word' id='word_1_164' title='bbox 835 2895 937 2938; x_wconf 88' lang='lat' dir='ltr'><strong>cruore</strong></span> <span class='ocrx_word' id='word_1_165' title='bbox 958 2874 1083 2940; x_wconf 90' lang='lat' dir='ltr'><strong>flumina</strong></span> <span class='ocrx_word' id='word_1_166' title='bbox 1105 2881 1136 2940; x_wconf 91' lang='lat' dir='ltr'><strong>et</strong></span> <span class='ocrx_word' id='word_1_167' title='bbox 1165 2876 1298 2942; x_wconf 85' lang='lat' dir='ltr'><strong>excelsos</strong></span> <span class='ocrx_word' id='word_1_168' title='bbox 1320 2878 1409 2944; x_wconf 83' lang='lat' dir='ltr'><strong>colles</strong></span> 
     </span>
     <span class='ocr_line' id='line_1_22' title="bbox 288 2992 1478 3084; baseline 0.001 -22"><span class='ocrx_word' id='word_1_169' title='bbox 288 3017 457 3084; x_wconf 85' lang='lat' dir='ltr'><strong>corporum.</strong></span> <span class='ocrx_word' id='word_1_170' title='bbox 502 2993 625 3060; x_wconf 86' lang='lat' dir='ltr'><strong>Invidet</strong></span> <span class='ocrx_word' id='word_1_171' title='bbox 652 2992 770 3058; x_wconf 89' lang='lat' dir='ltr'><strong>miseris</strong></span> <span class='ocrx_word' id='word_1_172' title='bbox 799 2992 906 3058; x_wconf 90' lang='lat' dir='ltr'><strong>busto:</strong></span> <span class='ocrx_word' id='word_1_173' title='bbox 941 2993 990 3058; x_wconf 89' lang='lat' dir='ltr'><strong>vel</strong></span> <span class='ocrx_word' id='word_1_174' title='bbox 1012 3017 1088 3074; x_wconf 88' lang='lat' dir='ltr'><strong>uno,</strong></span> <span class='ocrx_word' id='word_1_175' title='bbox 1120 2995 1261 3062; x_wconf 91' lang='lat' dir='ltr'><strong>omnibus</strong></span> <span class='ocrx_word' id='word_1_176' title='bbox 1283 3005 1406 3083; x_wconf 86' lang='lat' dir='ltr'><strong>parato:</strong></span> <span class='ocrx_word' id='word_1_177' title='bbox 1476 3077 1478 3080; x_wconf 82' lang='lat'>.</span> 
     </span>
     <span class='ocr_line' id='line_1_23' title="bbox 291 3111 1409 3202; baseline 0.001 -21"><span class='ocrx_word' id='word_1_178' title='bbox 291 3121 374 3181; x_wconf 85' lang='lat' dir='ltr'><strong>vetat</strong></span> <span class='ocrx_word' id='word_1_179' title='bbox 399 3113 541 3179; x_wconf 82' lang='lat' dir='ltr'><strong>cadavera</strong></span> <span class='ocrx_word' id='word_1_180' title='bbox 563 3111 700 3191; x_wconf 89' lang='lat' dir='ltr'><strong>humari,</strong></span> <span class='ocrx_word' id='word_1_181' title='bbox 729 3111 811 3196; x_wconf 91' lang='lat' dir='ltr'><strong>quod</strong></span> <span class='ocrx_word' id='word_1_182' title='bbox 833 3133 871 3176; x_wconf 92' lang='lat' dir='ltr'><strong>ne</strong></span> <span class='ocrx_word' id='word_1_183' title='bbox 894 3111 1048 3177; x_wconf 84' lang='lat' dir='ltr'><strong>Hannibal</strong></span> <span class='ocrx_word' id='word_1_184' title='bbox 1072 3112 1193 3198; x_wconf 89' lang='lat' dir='ltr'><strong>quidem</strong></span> <span class='ocrx_word' id='word_1_185' title='bbox 1216 3116 1332 3197; x_wconf 86' lang='lat' dir='ltr'><strong>vetuit,</strong></span> <span class='ocrx_word' id='word_1_186' title='bbox 1356 3118 1409 3202; x_wconf 92' lang='lat' dir='ltr'><strong>qui</strong></span> 
     </span>
     <span class='ocr_line' id='line_1_24' title="bbox 290 3229 1453 3319; baseline -0.002 -17"><span class='ocrx_word' id='word_1_187' title='bbox 290 3232 406 3302; x_wconf 89' lang='lat' dir='ltr'><strong>consuli</strong></span> <span class='ocrx_word' id='word_1_188' title='bbox 438 3230 569 3298; x_wconf 90' lang='lat' dir='ltr'><strong>Aemilio</strong></span> <span class='ocrx_word' id='word_1_189' title='bbox 602 3229 698 3296; x_wconf 91' lang='lat' dir='ltr'><strong>Paulo</strong></span> <span class='ocrx_word' id='word_1_190' title='bbox 730 3230 810 3296; x_wconf 88' lang='lat' dir='ltr'><strong>iusta</strong></span> <span class='ocrx_word' id='word_1_191' title='bbox 847 3229 978 3316; x_wconf 84' lang='lat' dir='ltr'><strong>persolvi</strong></span> <span class='ocrx_word' id='word_1_192' title='bbox 1007 3253 1069 3297; x_wconf 90' lang='lat' dir='ltr'><strong>non</strong></span> <span class='ocrx_word' id='word_1_193' title='bbox 1099 3233 1232 3319; x_wconf 88' lang='lat' dir='ltr'><strong>negavit.</strong></span> <span class='ocrx_word' id='word_1_194' title='bbox 1277 3234 1411 3300; x_wconf 81' lang='lat' dir='ltr'><strong>Tabesne</strong></span> <span class='ocrx_word' id='word_1_195' title='bbox 1452 3275 1453 3280; x_wconf 20' lang='grc' dir='ltr'><strong>κ</strong></span> 
     </span>
     <span class='ocr_line' id='line_1_25' title="bbox 271 3348 1411 3440; baseline -0.001 -19"><span class='ocrx_word' id='word_1_196' title='bbox 271 3354 436 3432; x_wconf 68' lang='lat' dir='ltr'><strong>=cadevera</strong></span> <span class='ocrx_word' id='word_1_197' title='bbox 457 3350 562 3416; x_wconf 87' lang='lat' dir='ltr'><strong>solvat</strong></span> <span class='ocrx_word' id='word_1_198' title='bbox 585 3372 623 3414; x_wconf 93' lang='lat' dir='ltr'><strong>an</strong></span> <span class='ocrx_word' id='word_1_199' title='bbox 644 3371 753 3436; x_wconf 84' lang='lat' dir='ltr'><strong>rogus,</strong></span> <span class='ocrx_word' id='word_1_200' title='bbox 777 3348 806 3414; x_wconf 90' lang='lat' dir='ltr'><strong>ei</strong></span> <span class='ocrx_word' id='word_1_201' title='bbox 828 3349 912 3415; x_wconf 91' lang='lat' dir='ltr'><strong>cordi</strong></span> <span class='ocrx_word' id='word_1_202' title='bbox 933 3372 995 3415; x_wconf 93' lang='lat' dir='ltr'><strong>non</strong></span> <span class='ocrx_word' id='word_1_203' title='bbox 1019 3356 1078 3418; x_wconf 87' lang='lat' dir='ltr'><strong>est:</strong></span> <span class='ocrx_word' id='word_1_204' title='bbox 1102 3373 1202 3437; x_wconf 90' lang='lat' dir='ltr'><strong>neque</strong></span> <span class='ocrx_word' id='word_1_205' title='bbox 1224 3373 1293 3418; x_wconf 89' lang='lat' dir='ltr'><strong>eum</strong></span> <span class='ocrx_word' id='word_1_206' title='bbox 1315 3353 1411 3440; x_wconf 87' lang='lat' dir='ltr'><strong>pudet</strong></span> 
     </span>
     <span class='ocr_line' id='line_1_26' title="bbox 292 3467 1411 3558; baseline 0.001 -20"><span class='ocrx_word' id='word_1_207' title='bbox 292 3472 374 3558; x_wconf 90' lang='lat' dir='ltr'><strong>quod</strong></span> <span class='ocrx_word' id='word_1_208' title='bbox 412 3471 491 3537; x_wconf 84' lang='lat' dir='ltr'><strong>feres</strong></span> <span class='ocrx_word' id='word_1_209' title='bbox 524 3467 666 3549; x_wconf 85' lang='lat' dir='ltr'><strong>veniunt,</strong></span> <span class='ocrx_word' id='word_1_210' title='bbox 699 3489 776 3552; x_wconf 86' lang='lat' dir='ltr'><strong>quse</strong></span> <span class='ocrx_word' id='word_1_211' title='bbox 809 3489 933 3554; x_wconf 86' lang='lat' dir='ltr'><strong>corpora</strong></span> <span class='ocrx_word' id='word_1_212' title='bbox 954 3468 1102 3551; x_wconf 87' lang='lat' dir='ltr'><strong>lacerent,</strong></span> <span class='ocrx_word' id='word_1_213' title='bbox 1136 3470 1261 3555; x_wconf 89' lang='lat' dir='ltr'><strong>quibus,</strong></span> <span class='ocrx_word' id='word_1_214' title='bbox 1288 3473 1411 3540; x_wconf 86' lang='lat' dir='ltr'><strong>insolita</strong></span> 
     </span>
     <span class='ocr_line' id='line_1_27' title="bbox 292 3586 1410 3682; baseline -0.001 -25"><span class='ocrx_word' id='word_1_215' title='bbox 292 3590 400 3682; x_wconf 87' lang='lat' dir='ltr'><strong>praeda</strong></span> <span class='ocrx_word' id='word_1_216' title='bbox 436 3588 575 3668; x_wconf 87' lang='lat' dir='ltr'><strong>allectae,</strong></span> <span class='ocrx_word' id='word_1_217' title='bbox 617 3587 727 3652; x_wconf 88' lang='lat' dir='ltr'><strong>famem</strong></span> <span class='ocrx_word' id='word_1_218' title='bbox 769 3588 909 3674; x_wconf 86' lang='lat' dir='ltr'><strong>expleant</strong></span> <span class='ocrx_word' id='word_1_219' title='bbox 945 3594 1028 3653; x_wconf 87' lang='lat' dir='ltr'><strong>artus</strong></span> <span class='ocrx_word' id='word_1_220' title='bbox 1066 3586 1262 3676; x_wconf 86' lang='lat' dir='ltr'><strong>degustando.</strong></span> <span class='ocrx_word' id='word_1_221' title='bbox 1315 3592 1410 3673; x_wconf 76' lang='lat' dir='ltr'><strong>Quasi</strong></span> 
     </span>
     <span class='ocr_line' id='line_1_28' title="bbox 293 3701 1408 3797; baseline -0.002 -19"><span class='ocrx_word' id='word_1_222' title='bbox 293 3709 446 3797; x_wconf 87' lang='lat' dir='ltr'><strong>voluptate</strong></span> <span class='ocrx_word' id='word_1_223' title='bbox 480 3706 607 3793; x_wconf 87' lang='lat' dir='ltr'><strong>quadam</strong></span> <span class='ocrx_word' id='word_1_224' title='bbox 630 3712 718 3792; x_wconf 78' lang='lat' dir='ltr'><strong>potta</strong></span> <span class='ocrx_word' id='word_1_225' title='bbox 750 3705 803 3771; x_wconf 88' lang='lat' dir='ltr'><strong>has</strong></span> <span class='ocrx_word' id='word_1_226' title='bbox 837 3701 969 3772; x_wconf 86' lang='lat' dir='ltr'><strong>crudeles</strong></span> <span class='ocrx_word' id='word_1_227' title='bbox 1004 3712 1096 3793; x_wconf 90' lang='lat' dir='ltr'><strong>atque</strong></span> <span class='ocrx_word' id='word_1_228' title='bbox 1127 3707 1245 3774; x_wconf 86' lang='lat' dir='ltr'><strong>odiosas</strong></span> <span class='ocrx_word' id='word_1_229' title='bbox 1278 3709 1408 3776; x_wconf 88' lang='lat' dir='ltr'><strong>ferarum</strong></span> 
     </span>
     <span class='ocr_line' id='line_1_29' title="bbox 294 3827 568 3917; baseline -0.007 -21"><span class='ocrx_word' id='word_1_230' title='bbox 294 3830 398 3917; x_wconf 91' lang='lat' dir='ltr'><strong>epulas</strong></span> <span class='ocrx_word' id='word_1_231' title='bbox 421 3827 568 3914; x_wconf 82' lang='lat' dir='ltr'><strong>depinxit.</strong></span> 
     </span>
    </p>

    <p class='ocr_par' dir='ltr' id='par_1_5' title="bbox 294 3943 1412 4274">
     <span class='ocr_line' id='line_1_30' title="bbox 336 3943 1410 4030; baseline -0.001 -15"><span class='ocrx_word' id='word_1_232' title='bbox 336 3945 518 4015; x_wconf 79' lang='lat' dir='ltr'><strong>Thessaliam</strong></span> <span class='ocrx_word' id='word_1_233' title='bbox 551 3945 702 4011; x_wconf 86' lang='lat' dir='ltr'><strong>infelicem</strong></span> <span class='ocrx_word' id='word_1_234' title='bbox 730 3943 861 4029; x_wconf 89' lang='lat' dir='ltr'><strong>denique</strong></span> <span class='ocrx_word' id='word_1_235' title='bbox 885 3945 1028 4012; x_wconf 87' lang='lat' dir='ltr'><strong>Lucanus</strong></span> <span class='ocrx_word' id='word_1_236' title='bbox 1050 3945 1224 4030; x_wconf 87' lang='lat' dir='ltr'><strong>alloquitur.</strong></span> <span class='ocrx_word' id='word_1_237' title='bbox 1269 3945 1410 4029; x_wconf 76' lang='lat' dir='ltr'><strong>Quonam</strong></span> 
     </span>
     <span class='ocr_line' id='line_1_31' title="bbox 294 4063 1412 4153; baseline -0.004 -17"><span class='ocrx_word' id='word_1_238' title='bbox 294 4067 418 4136; x_wconf 88' lang='lat' dir='ltr'><strong>crimine</strong></span> <span class='ocrx_word' id='word_1_239' title='bbox 452 4066 522 4132; x_wconf 88' lang='lat' dir='ltr'><strong>deos</strong></span> <span class='ocrx_word' id='word_1_240' title='bbox 555 4065 662 4131; x_wconf 85' lang='lat' dir='ltr'><strong>misera</strong></span> <span class='ocrx_word' id='word_1_241' title='bbox 695 4063 745 4129; x_wconf 88' lang='lat' dir='ltr'><strong>illa</strong></span> <span class='ocrx_word' id='word_1_242' title='bbox 767 4063 849 4150; x_wconf 83' lang='lat' dir='ltr'><strong>regio</strong></span> <span class='ocrx_word' id='word_1_243' title='bbox 872 4063 1007 4145; x_wconf 88' lang='lat' dir='ltr'><strong>laeserit,</strong></span> <span class='ocrx_word' id='word_1_244' title='bbox 1039 4071 1129 4151; x_wconf 70' lang='lat' dir='ltr'><strong>poeta</strong></span> <span class='ocrx_word' id='word_1_245' title='bbox 1150 4071 1255 4153; x_wconf 83' lang='lat' dir='ltr'><strong>rogat,</strong></span> <span class='ocrx_word' id='word_1_246' title='bbox 1288 4088 1343 4132; x_wconf 89' lang='lat' dir='ltr'><strong>cur</strong></span> <span class='ocrx_word' id='word_1_247' title='bbox 1364 4073 1412 4132; x_wconf 90' lang='lat' dir='ltr'><strong>tot</strong></span> 
     </span>
     <span class='ocr_line' id='line_1_32' title="bbox 295 4183 1410 4274; baseline -0.003 -18"><span class='ocrx_word' id='word_1_248' title='bbox 295 4193 440 4272; x_wconf 86' lang='lat' dir='ltr'><strong>tantaque</strong></span> <span class='ocrx_word' id='word_1_249' title='bbox 468 4184 579 4250; x_wconf 88' lang='lat' dir='ltr'><strong>scelera</strong></span> <span class='ocrx_word' id='word_1_250' title='bbox 606 4184 651 4250; x_wconf 92' lang='lat' dir='ltr'><strong>ibi</strong></span> <span class='ocrx_word' id='word_1_251' title='bbox 679 4189 848 4270; x_wconf 86' lang='lat' dir='ltr'><strong>perpetrate</strong></span> <span class='ocrx_word' id='word_1_252' title='bbox 876 4183 961 4250; x_wconf 82' lang='lat' dir='ltr'><strong>sint?</strong></span> <span class='ocrx_word' id='word_1_253' title='bbox 992 4183 1102 4272; x_wconf 90' lang='lat' dir='ltr'><strong>Neque</strong></span> <span class='ocrx_word' id='word_1_254' title='bbox 1132 4185 1230 4253; x_wconf 90' lang='lat' dir='ltr'><strong>solum</strong></span> <span class='ocrx_word' id='word_1_255' title='bbox 1259 4185 1410 4274; x_wconf 90' lang='lat' dir='ltr'><strong>poenain</strong></span> 
     </span>
    </p>
   </div>
   <div class='ocr_carea' id='block_1_4' title="bbox 0 0 1658 5138">
    <p class='ocr_par' dir='ltr' id='par_1_6' title="bbox 0 0 1658 5138">
     <span class='ocr_line' id='line_1_33' title="bbox 0 0 1658 5138; baseline 0 0"><span class='ocrx_word' id='word_1_256' title='bbox 0 0 1658 5138; x_wconf 95' lang='lat' dir='ltr'><strong> </strong></span> 
     </span>
    </p>
   </div>
  </div>
 </body>
</html>
