<?xml version="1.0" encoding="UTF-8"?>
<!DOCTYPE html PUBLIC "-//W3C//DTD XHTML 1.0 Transitional//EN"
    "http://www.w3.org/TR/xhtml1/DTD/xhtml1-transitional.dtd">
<html xmlns="http://www.w3.org/1999/xhtml" xml:lang="en" lang="en">
 <head>
  <title>
</title>
<meta http-equiv="Content-Type" content="text/html;charset=utf-8" />
  <meta name='ocr-system' content='tesseract 3.04.00' />
  <meta name='ocr-capabilities' content='ocr_page ocr_carea ocr_par ocr_line ocrx_word'/>
</head>
<body>
  <div class='ocr_page' id='page_1' title='image "./delucanifontibu00singgoog_0170.png"; bbox 0 0 3308 5138; ppageno 0'>
   <div class='ocr_carea' id='block_1_1' title="bbox 736 403 796 465">
    <p class='ocr_par' dir='ltr' id='par_1_1' title="bbox 736 403 796 465">
     <span class='ocr_line' id='line_1_1' title="bbox 736 403 796 465; baseline -0.017 0"><span class='ocrx_word' id='word_1_1' title='bbox 736 403 796 465; x_wconf 79' lang='lat'><em>155</em></span> 
     </span>
    </p>
   </div>
   <div class='ocr_carea' id='block_1_2' title="bbox 203 599 1324 1533">
    <p class='ocr_par' dir='ltr' id='par_1_2' title="bbox 203 599 1324 1410">
     <span class='ocr_line' id='line_1_2' title="bbox 251 599 1322 690; baseline 0.002 -18"><span class='ocrx_word' id='word_1_2' title='bbox 251 607 298 676; x_wconf 89' lang='lat' dir='ltr'><em>Id.</em></span> <span class='ocrx_word' id='word_1_3' title='bbox 326 607 393 676; x_wconf 76' lang='lat' dir='ltr'><em>cat.</em></span> <span class='ocrx_word' id='word_1_4' title='bbox 418 609 496 677; x_wconf 89' lang='lat' dir='ltr'>Min.</span> <span class='ocrx_word' id='word_1_5' title='bbox 521 607 607 675; x_wconf 80' lang='lat' dir='ltr'>XLI.</span> <span class='ocrx_word' id='word_1_6' title='bbox 653 607 710 672; x_wconf 87' lang='grc' dir='ltr'><em>Ἐκ</em></span> <span class='ocrx_word' id='word_1_7' title='bbox 746 608 856 674; x_wconf 87' lang='grc' dir='ltr'><em>τούτου</em></span> <span class='ocrx_word' id='word_1_8' title='bbox 894 610 1053 686; x_wconf 78' lang='grc' dir='ltr'><em>Πομπήιος</em></span> <span class='ocrx_word' id='word_1_9' title='bbox 1095 599 1147 674; x_wconf 80' lang='grc' dir='ltr'><em>καὶ</em></span> <span class='ocrx_word' id='word_1_10' title='bbox 1183 607 1322 690; x_wconf 81' lang='grc' dir='ltr'><em>Κροίσσος</em></span> 
     </span>
     <span class='ocr_line' id='line_1_3' title="bbox 207 725 1323 809; baseline 0.003 -18"><span class='ocrx_word' id='word_1_11' title='bbox 207 725 435 808; x_wconf 70' lang='grc' dir='ltr'><em>ὑπερβαλόντες</em></span> <span class='ocrx_word' id='word_1_12' title='bbox 480 727 540 800; x_wconf 77' lang='grc' dir='ltr'><em>τας</em></span> <span class='ocrx_word' id='word_1_13' title='bbox 575 726 712 800; x_wconf 79' lang='grc' dir='ltr'><em>’Άλπεις</em></span> <span class='ocrx_word' id='word_1_14' title='bbox 750 727 882 809; x_wconf 80' lang='grc' dir='ltr'><em>Καίσαρι</em></span> <span class='ocrx_word' id='word_1_15' title='bbox 903 726 1160 809; x_wconf 70' lang='grc' dir='ltr'><em>συγγενόμενοι,</em></span> <span class='ocrx_word' id='word_1_16' title='bbox 1198 728 1323 808; x_wconf 75' lang='grc' dir='ltr'><em>ννύμκν</em></span> 
     </span>
     <span class='ocr_line' id='line_1_4' title="bbox 205 844 1322 930; baseline 0.002 -20"><span class='ocrx_word' id='word_1_17' title='bbox 205 845 387 922; x_wconf 79' lang='grc' dir='ltr'><em>ε’ποιύσαντο</em></span> <span class='ocrx_word' id='word_1_18' title='bbox 406 856 489 930; x_wconf 66' lang='grc' dir='ltr'><em>κοινῇ</em></span> <span class='ocrx_word' id='word_1_19' title='bbox 508 846 650 928; x_wconf 73' lang='grc' dir='ltr'><em>δευτέραν</em></span> <span class='ocrx_word' id='word_1_20' title='bbox 675 845 830 912; x_wconf 85' lang='grc' dir='ltr'><em>ύπατείαν</em></span> <span class='ocrx_word' id='word_1_21' title='bbox 848 844 1004 926; x_wconf 76' lang='grc' dir='ltr'><em>μετιέναι,</em></span> <span class='ocrx_word' id='word_1_22' title='bbox 1029 846 1081 912; x_wconf 84' lang='grc' dir='ltr'><em>καί</em></span> <span class='ocrx_word' id='word_1_23' title='bbox 1103 847 1322 921; x_wconf 88' lang='grc' dir='ltr'><em>καταστοίντες</em></span> 
     </span>
     <span class='ocr_line' id='line_1_5' title="bbox 204 965 1322 1060; baseline 0.002 -30"><span class='ocrx_word' id='word_1_24' title='bbox 204 966 248 1038; x_wconf 82' lang='grc' dir='ltr'><em>είς</em></span> <span class='ocrx_word' id='word_1_25' title='bbox 270 967 367 1040; x_wconf 67' lang='grc' dir='ltr'><em>αὐτὴν</em></span> <span class='ocrx_word' id='word_1_26' title='bbox 383 966 515 1048; x_wconf 83' lang='grc' dir='ltr'><em>Καίσαρι</em></span> <span class='ocrx_word' id='word_1_27' title='bbox 537 967 594 1046; x_wconf 78' lang='grc' dir='ltr'><em>μὲν</em></span> <span class='ocrx_word' id='word_1_28' title='bbox 609 973 666 1040; x_wconf 74' lang='grc' dir='ltr'><em>τῆς</em></span> <span class='ocrx_word' id='word_1_29' title='bbox 687 966 790 1049; x_wconf 71' lang='grc' dir='ltr'><em>ἀρχῆς</em></span> <span class='ocrx_word' id='word_1_30' title='bbox 807 965 905 1031; x_wconf 74' lang='grc' dir='ltr'><em>ἄλλον</em></span> <span class='ocrx_word' id='word_1_31' title='bbox 919 969 1061 1031; x_wconf 83' lang='grc' dir='ltr'><em>τοσοῦτον</em></span> <span class='ocrx_word' id='word_1_32' title='bbox 1078 965 1322 1060; x_wconf 68' lang='grc' dir='ltr'><em>ἐπιψηφίζεσθαι</em></span> 
     </span>
     <span class='ocr_line' id='line_1_6' title="bbox 203 1084 1324 1169; baseline 0.002 -19"><span class='ocrx_word' id='word_1_33' title='bbox 203 1084 329 1167; x_wconf 77' lang='grc' dir='ltr'><em>χρόνον,</em></span> <span class='ocrx_word' id='word_1_34' title='bbox 361 1084 465 1159; x_wconf 80' lang='grc' dir='ltr'><em>ἀὑτοῖς</em></span> <span class='ocrx_word' id='word_1_35' title='bbox 491 1086 521 1152; x_wconf 77' lang='grc' dir='ltr'><em>δὲ</em></span> <span class='ocrx_word' id='word_1_36' title='bbox 552 1091 611 1151; x_wconf 74' lang='grc' dir='ltr'><em>τῶν</em></span> <span class='ocrx_word' id='word_1_37' title='bbox 634 1087 793 1168; x_wconf 79' lang='grc' dir='ltr'><em>ἐπαρχιῶν</em></span> <span class='ocrx_word' id='word_1_38' title='bbox 813 1086 871 1158; x_wconf 79' lang='grc' dir='ltr'><em>τὰς</em></span> <span class='ocrx_word' id='word_1_39' title='bbox 898 1085 1058 1165; x_wconf 77' lang='grc' dir='ltr'><em>μεγίστας</em></span> <span class='ocrx_word' id='word_1_40' title='bbox 1093 1086 1145 1151; x_wconf 77' lang='grc' dir='ltr'><em>καί</em></span> <span class='ocrx_word' id='word_1_41' title='bbox 1169 1086 1324 1169; x_wconf 75' lang='grc' dir='ltr'><em>χρήματα</em></span> 
     </span>
     <span class='ocr_line' id='line_1_7' title="bbox 203 1199 1324 1295; baseline 0.002 -26"><span class='ocrx_word' id='word_1_42' title='bbox 203 1204 256 1270; x_wconf 74' lang='grc' dir='ltr'><em>καί</em></span> <span class='ocrx_word' id='word_1_43' title='bbox 289 1207 514 1288; x_wconf 74' lang='grc' dir='ltr'><em>στρατιωτικὰς</em></span> <span class='ocrx_word' id='word_1_44' title='bbox 540 1204 696 1283; x_wconf 80' lang='grc' dir='ltr'><em>δννοίμεις·</em></span> <span class='ocrx_word' id='word_1_45' title='bbox 725 1202 810 1295; x_wconf 73' lang='grc' dir='ltr'><em>[ὅπερ</em></span> <span class='ocrx_word' id='word_1_46' title='bbox 836 1199 869 1280; x_wconf 80' lang='grc' dir='ltr'><em>ἦν</em></span> <span class='ocrx_word' id='word_1_47' title='bbox 896 1205 946 1270; x_wconf 76' lang='grc' dir='ltr'><em>ἐπὶ</em></span> <span class='ocrx_word' id='word_1_48' title='bbox 973 1207 1097 1286; x_wconf 71' lang='grc' dir='ltr'><em>νεμήσει</em></span> <span class='ocrx_word' id='word_1_49' title='bbox 1125 1214 1180 1282; x_wconf 74' lang='grc' dir='ltr'><em>τῆς</em></span> <span class='ocrx_word' id='word_1_50' title='bbox 1208 1211 1324 1286; x_wconf 72' lang='grc' dir='ltr'><em>ἠνεμο-</em></span> 
     </span>
     <span class='ocr_line' id='line_1_8' title="bbox 204 1323 1045 1410; baseline 0.002 -21"><span class='ocrx_word' id='word_1_51' title='bbox 204 1324 271 1398; x_wconf 82' lang='grc' dir='ltr'><em>νίας</em></span> <span class='ocrx_word' id='word_1_52' title='bbox 297 1326 350 1391; x_wconf 78' lang='grc' dir='ltr'><em>καί</em></span> <span class='ocrx_word' id='word_1_53' title='bbox 374 1325 549 1391; x_wconf 76' lang='grc' dir='ltr'><em>καταλύσει</em></span> <span class='ocrx_word' id='word_1_54' title='bbox 573 1333 629 1398; x_wconf 77' lang='grc' dir='ltr'><em>τύς</em></span> <span class='ocrx_word' id='word_1_55' title='bbox 653 1324 814 1398; x_wconf 82' lang='grc' dir='ltr'><em>πολιτείας</em></span> <span class='ocrx_word' id='word_1_56' title='bbox 839 1323 1045 1410; x_wconf 85' lang='grc' dir='ltr'><em>σνναμύσια].</em></span> 
     </span>
    </p>

    <p class='ocr_par' dir='ltr' id='par_1_3' title="bbox 249 1427 923 1533">
     <span class='ocr_line' id='line_1_9' title="bbox 249 1427 923 1533; baseline 0.004 -24"><span class='ocrx_word' id='word_1_57' title='bbox 249 1444 347 1511; x_wconf 77' lang='lat' dir='ltr'><strong>Verba</strong></span> <span class='ocrx_word' id='word_1_58' title='bbox 369 1446 456 1511; x_wconf 85' lang='lat' dir='ltr'><strong>uncis</strong></span> <span class='ocrx_word' id='word_1_59' title='bbox 479 1445 595 1511; x_wconf 80' lang='lat' dir='ltr'><strong>inclusa</strong></span> <span class='ocrx_word' id='word_1_60' title='bbox 617 1445 817 1533; x_wconf 84' lang='lat' dir='ltr'>expungenda</span> <span class='ocrx_word' id='word_1_61' title='bbox 842 1427 923 1512; x_wconf 57' lang='lat' dir='ltr'><strong>hunt.</strong></span> 
     </span>
    </p>
   </div>
   <div class='ocr_carea' id='block_1_3' title="bbox 190 1595 1323 2639">
    <p class='ocr_par' dir='ltr' id='par_1_4' title="bbox 737 1595 797 1662">
     <span class='ocr_line' id='line_1_10' title="bbox 737 1595 797 1662; baseline 0.033 -2"><span class='ocrx_word' id='word_1_62' title='bbox 737 1595 797 1662; x_wconf 88' lang='lat' dir='ltr'><em>IX.</em></span> 
     </span>
    </p>

    <p class='ocr_par' dir='ltr' id='par_1_5' title="bbox 204 1711 1321 1915">
     <span class='ocr_line' id='line_1_11' title="bbox 248 1711 1321 1800; baseline -0.001 -20"><span class='ocrx_word' id='word_1_63' title='bbox 248 1715 382 1800; x_wconf 81' lang='lat' dir='ltr'><strong>Thucyd.</strong></span> <span class='ocrx_word' id='word_1_64' title='bbox 414 1715 442 1782; x_wconf 92' lang='grc' dir='ltr'><em>Ι.</em></span> <span class='ocrx_word' id='word_1_65' title='bbox 467 1718 520 1782; x_wconf 85' lang='grc'><em>53.</em></span> <span class='ocrx_word' id='word_1_66' title='bbox 542 1715 564 1780; x_wconf 87' lang='lat' dir='ltr'><em>i.</em></span> <span class='ocrx_word' id='word_1_67' title='bbox 588 1714 609 1781; x_wconf 90' lang='lat' dir='ltr'><em>f.</em></span> <span class='ocrx_word' id='word_1_68' title='bbox 633 1715 659 1779; x_wconf 79' lang='grc' dir='ltr'><em>εἰ</em></span> <span class='ocrx_word' id='word_1_69' title='bbox 687 1714 744 1793; x_wconf 79' lang='grc' dir='ltr'><em>μὲν</em></span> <span class='ocrx_word' id='word_1_70' title='bbox 770 1712 888 1780; x_wconf 77' lang='grc' dir='ltr'><em>ἄλλοσέ</em></span> <span class='ocrx_word' id='word_1_71' title='bbox 912 1737 963 1778; x_wconf 92' lang='grc' dir='ltr'><em>ποι</em></span> <span class='ocrx_word' id='word_1_72' title='bbox 981 1711 1132 1791; x_wconf 77' lang='grc' dir='ltr'><em>βούλεσθε</em></span> <span class='ocrx_word' id='word_1_73' title='bbox 1155 1721 1265 1792; x_wconf 84' lang='grc' dir='ltr'><em>πλεῖν,</em></span> <span class='ocrx_word' id='word_1_74' title='bbox 1288 1717 1321 1779; x_wconf 90' lang='grc' dir='ltr'><em>ού</em></span> 
     </span>
     <span class='ocr_line' id='line_1_12' title="bbox 204 1834 376 1915; baseline 0 -15"><span class='ocrx_word' id='word_1_75' title='bbox 204 1834 376 1915; x_wconf 80' lang='grc' dir='ltr'><em>κωλύομεν.</em></span> 
     </span>
    </p>

    <p class='ocr_par' dir='ltr' id='par_1_6' title="bbox 247 1952 542 2041">
     <span class='ocr_line' id='line_1_13' title="bbox 247 1952 542 2041; baseline -0.01 -21"><span class='ocrx_word' id='word_1_76' title='bbox 247 1955 329 2041; x_wconf 81' lang='lat' dir='ltr'><strong>Lege</strong></span> <span class='ocrx_word' id='word_1_77' title='bbox 351 1952 542 2032; x_wconf 80' lang='grc' dir='ltr'><em>κωλύσομεν.</em></span> 
     </span>
    </p>

    <p class='ocr_par' dir='ltr' id='par_1_7' title="bbox 204 2067 1323 2276">
     <span class='ocr_line' id='line_1_14' title="bbox 248 2067 1323 2156; baseline -0.001 -17"><span class='ocrx_word' id='word_1_78' title='bbox 248 2073 297 2140; x_wconf 87' lang='lat' dir='ltr'><em>Id.</em></span> <span class='ocrx_word' id='word_1_79' title='bbox 321 2071 348 2140; x_wconf 91' lang='lat' dir='ltr'><em>I.</em></span> <span class='ocrx_word' id='word_1_80' title='bbox 374 2073 448 2138; x_wconf 79' lang='lat'><strong>140.</strong></span> <span class='ocrx_word' id='word_1_81' title='bbox 472 2067 514 2145; x_wconf 77' lang='grc' dir='ltr'><em>οἷς</em></span> <span class='ocrx_word' id='word_1_82' title='bbox 539 2073 564 2137; x_wconf 83' lang='grc' dir='ltr'><em>εί</em></span> <span class='ocrx_word' id='word_1_83' title='bbox 587 2072 827 2154; x_wconf 71' lang='grc' dir='ltr'><em>ξυνχαρύσεσε,</em></span> <span class='ocrx_word' id='word_1_84' title='bbox 859 2071 911 2135; x_wconf 76' lang='grc' dir='ltr'><em>καὶ</em></span> <span class='ocrx_word' id='word_1_85' title='bbox 945 2069 1025 2137; x_wconf 81' lang='grc' dir='ltr'><em>ἄλλο</em></span> <span class='ocrx_word' id='word_1_86' title='bbox 1051 2096 1081 2137; x_wconf 93' lang='grc' dir='ltr'><em>τι</em></span> <span class='ocrx_word' id='word_1_87' title='bbox 1105 2073 1209 2156; x_wconf 83' lang='grc' dir='ltr'><em>μεῖζον</em></span> <span class='ocrx_word' id='word_1_88' title='bbox 1238 2074 1323 2146; x_wconf 82' lang='grc' dir='ltr'><em>εὐθὺς</em></span> 
     </span>
     <span class='ocr_line' id='line_1_15' title="bbox 204 2191 1103 2276; baseline 0.002 -18"><span class='ocrx_word' id='word_1_89' title='bbox 204 2191 454 2274; x_wconf 78' lang='grc' dir='ltr'><em>ε’πιταχύύσεσύε</em></span> <span class='ocrx_word' id='word_1_90' title='bbox 478 2193 516 2266; x_wconf 80' lang='grc' dir='ltr'><em>ὡς</em></span> <span class='ocrx_word' id='word_1_91' title='bbox 539 2191 631 2276; x_wconf 81' lang='grc' dir='ltr'><em>Φύβςο</em></span> <span class='ocrx_word' id='word_1_92' title='bbox 658 2191 711 2258; x_wconf 82' lang='grc' dir='ltr'><em>καί</em></span> <span class='ocrx_word' id='word_1_93' title='bbox 737 2198 828 2258; x_wconf 81' lang='grc' dir='ltr'><em>τοῦτο</em></span> <span class='ocrx_word' id='word_1_94' title='bbox 855 2193 1103 2267; x_wconf 85' lang='grc' dir='ltr'><em>ὑπακούσαντες.</em></span> 
     </span>
    </p>

    <p class='ocr_par' dir='ltr' id='par_1_8' title="bbox 190 2311 1299 2516">
     <span class='ocr_line' id='line_1_16' title="bbox 248 2311 594 2402; baseline 0.003 -23"><span class='ocrx_word' id='word_1_95' title='bbox 248 2313 330 2402; x_wconf 83' lang='lat' dir='ltr'>Lege</span> <span class='ocrx_word' id='word_1_96' title='bbox 354 2311 594 2387; x_wconf 88' lang='grc' dir='ltr'><em>ύπακούσοντες.</em></span> 
     </span>
     <span class='ocr_line' id='line_1_17' title="bbox 190 2431 1299 2516; baseline 0.002 -19"><span class='ocrx_word' id='word_1_97' title='bbox 190 2505 193 2512; x_wconf 49' lang='grc'><em>,</em></span> <span class='ocrx_word' id='word_1_98' title='bbox 248 2432 297 2500; x_wconf 87' lang='lat' dir='ltr'><em>Id.</em></span> <span class='ocrx_word' id='word_1_99' title='bbox 320 2431 381 2498; x_wconf 92' lang='grc' dir='ltr'><strong>ΙΙ[.</strong></span> <span class='ocrx_word' id='word_1_100' title='bbox 406 2433 459 2498; x_wconf 84' lang='grc'><em>67.</em></span> <span class='ocrx_word' id='word_1_101' title='bbox 482 2432 535 2497; x_wconf 79' lang='grc' dir='ltr'><em>καί</em></span> <span class='ocrx_word' id='word_1_102' title='bbox 563 2433 617 2497; x_wconf 82' lang='grc' dir='ltr'><em>οὐκ</em></span> <span class='ocrx_word' id='word_1_103' title='bbox 640 2431 865 2506; x_wconf 77' lang='grc' dir='ltr'><em>οξνταποδύντες</em></span> <span class='ocrx_word' id='word_1_104' title='bbox 893 2437 944 2498; x_wconf 80' lang='grc' dir='ltr'><em>νῦν</em></span> <span class='ocrx_word' id='word_1_105' title='bbox 969 2433 1024 2508; x_wconf 71' lang='grc' dir='ltr'><em>τίον</em></span> <span class='ocrx_word' id='word_1_106' title='bbox 1048 2431 1117 2509; x_wconf 83' lang='grc' dir='ltr'><em>ίσκν</em></span> <span class='ocrx_word' id='word_1_107' title='bbox 1139 2431 1299 2516; x_wconf 83' lang='grc' dir='ltr'><em>τιμωρίαν.</em></span> 
     </span>
    </p>

    <p class='ocr_par' dir='ltr' id='par_1_9' title="bbox 249 2551 633 2639">
     <span class='ocr_line' id='line_1_18' title="bbox 249 2551 633 2639; baseline 0 -21"><span class='ocrx_word' id='word_1_108' title='bbox 249 2552 329 2639; x_wconf 86' lang='lat' dir='ltr'><strong>Lege</strong></span> <span class='ocrx_word' id='word_1_109' title='bbox 351 2551 633 2626; x_wconf 77' lang='grc' dir='ltr'><em>ύνταποδύσοντες.</em></span> 
     </span>
    </p>
   </div>
   <div class='ocr_carea' id='block_1_4' title="bbox 743 2704 784 2770">
    <p class='ocr_par' dir='ltr' id='par_1_10' title="bbox 743 2704 784 2770">
     <span class='ocr_line' id='line_1_19' title="bbox 743 2704 784 2770; baseline 0 0"><span class='ocrx_word' id='word_1_110' title='bbox 743 2704 784 2770; x_wconf 90' lang='grc' dir='ltr'><em>Χ.</em></span> 
     </span>
    </p>
   </div>
   <div class='ocr_carea' id='block_1_5' title="bbox 249 2821 1116 3024">
    <p class='ocr_par' dir='ltr' id='par_1_11' title="bbox 249 2821 1116 3024">
     <span class='ocr_line' id='line_1_20' title="bbox 249 2821 666 2909; baseline 0.002 -23"><span class='ocrx_word' id='word_1_111' title='bbox 249 2821 341 2909; x_wconf 85' lang='lat' dir='ltr'><strong>Soph.</strong></span> <span class='ocrx_word' id='word_1_112' title='bbox 365 2821 472 2908; x_wconf 77' lang='lat' dir='ltr'><strong>Antig.</strong></span> <span class='ocrx_word' id='word_1_113' title='bbox 495 2843 540 2890; x_wconf 79' lang='lat' dir='ltr'><em>vs.</em></span> <span class='ocrx_word' id='word_1_114' title='bbox 567 2823 666 2888; x_wconf 72' lang='lat'>1014:</span> 
     </span>
     <span class='ocr_line' id='line_1_21' title="bbox 404 2935 1116 3024; baseline 0.001 -20"><span class='ocrx_word' id='word_1_115' title='bbox 404 2941 471 3019; x_wconf 78' lang='grc' dir='ltr'><em>ἐμοὶ</em></span> <span class='ocrx_word' id='word_1_116' title='bbox 496 2940 558 3024; x_wconf 75' lang='grc' dir='ltr'><em>γαρ</em></span> <span class='ocrx_word' id='word_1_117' title='bbox 581 2935 666 3015; x_wconf 81' lang='grc' dir='ltr'><em>οὗτος</em></span> <span class='ocrx_word' id='word_1_118' title='bbox 691 2942 833 3020; x_wconf 73' lang='grc' dir='ltr'><em>ἡγεμὼν,</em></span> <span class='ocrx_word' id='word_1_119' title='bbox 858 2939 967 3013; x_wconf 82' lang='grc' dir='ltr'><em>ἄλλοις</em></span> <span class='ocrx_word' id='word_1_120' title='bbox 992 2938 1019 3006; x_wconf 76' lang='grc' dir='ltr'><em>δ’</em></span> <span class='ocrx_word' id='word_1_121' title='bbox 1044 2941 1116 3019; x_wconf 77' lang='grc' dir='ltr'><em>ἕνύ.</em></span> 
     </span>
    </p>
   </div>
   <div class='ocr_carea' id='block_1_6' title="bbox 249 3059 458 3148">
    <p class='ocr_par' dir='ltr' id='par_1_12' title="bbox 249 3059 458 3148">
     <span class='ocr_line' id='line_1_22' title="bbox 249 3059 458 3148; baseline 0.01 -22"><span class='ocrx_word' id='word_1_122' title='bbox 249 3059 376 3148; x_wconf 83' lang='lat' dir='ltr'><strong>Spurius</strong></span> <span class='ocrx_word' id='word_1_123' title='bbox 401 3065 458 3128; x_wconf 77' lang='lat' dir='ltr'><strong>est.</strong></span> 
     </span>
    </p>
   </div>
   <div class='ocr_carea' id='block_1_7' title="bbox 203 3209 1320 3658">
    <p class='ocr_par' dir='ltr' id='par_1_13' title="bbox 203 3209 1320 3658">
     <span class='ocr_line' id='line_1_23' title="bbox 737 3209 796 3276; baseline 0 0"><span class='ocrx_word' id='word_1_124' title='bbox 737 3209 796 3276; x_wconf 90' lang='lat' dir='ltr'><em>XI.</em></span> 
     </span>
     <span class='ocr_line' id='line_1_24' title="bbox 248 3322 1320 3418; baseline -0.001 -24"><span class='ocrx_word' id='word_1_125' title='bbox 248 3329 427 3418; x_wconf 85' lang='lat' dir='ltr'>Xenophon.</span> <span class='ocrx_word' id='word_1_126' title='bbox 451 3327 560 3417; x_wconf 81' lang='lat' dir='ltr'>Cyrop.</span> <span class='ocrx_word' id='word_1_127' title='bbox 584 3327 611 3396; x_wconf 94' lang='grc' dir='ltr'><em>Ι.</em></span> <span class='ocrx_word' id='word_1_128' title='bbox 636 3332 666 3395; x_wconf 93' lang='grc'><em>3.</em></span> <span class='ocrx_word' id='word_1_129' title='bbox 692 3329 744 3397; x_wconf 80' lang='lat'><em>15.</em></span> <span class='ocrx_word' id='word_1_130' title='bbox 767 3329 841 3394; x_wconf 76' lang='grc' dir='ltr'><em>δοκῶ</em></span> <span class='ocrx_word' id='word_1_131' title='bbox 865 3326 1028 3410; x_wconf 78' lang='grc' dir='ltr'><em>κςοίσιστος</em></span> <span class='ocrx_word' id='word_1_132' title='bbox 1049 3323 1125 3394; x_wconf 78' lang='grc' dir='ltr'><em>εἶναι</em></span> <span class='ocrx_word' id='word_1_133' title='bbox 1133 3379 1142 3410; x_wconf 90' lang='grc'><strong><em>,</em></strong></span> <span class='ocrx_word' id='word_1_134' title='bbox 1167 3322 1320 3409; x_wconf 74' lang='grc' dir='ltr'><em>ὦμῆτερ,</em></span> 
     </span>
     <span class='ocr_line' id='line_1_25' title="bbox 203 3447 689 3534; baseline -0.004 -19"><span class='ocrx_word' id='word_1_135' title='bbox 203 3450 257 3516; x_wconf 78' lang='grc' dir='ltr'><em>καί</em></span> <span class='ocrx_word' id='word_1_136' title='bbox 281 3449 447 3534; x_wconf 73' lang='grc' dir='ltr'><em>ἀκοντίζων</em></span> <span class='ocrx_word' id='word_1_137' title='bbox 471 3447 522 3514; x_wconf 79' lang='grc' dir='ltr'><em>καί</em></span> <span class='ocrx_word' id='word_1_138' title='bbox 547 3447 689 3528; x_wconf 78' lang='grc' dir='ltr'><em>τοξεύων.</em></span> 
     </span>
     <span class='ocr_line' id='line_1_26' title="bbox 248 3567 764 3658; baseline -0.004 -22"><span class='ocrx_word' id='word_1_139' title='bbox 248 3569 518 3658; x_wconf 67' lang='grc' dir='ltr'><em>Ιιοςοοίκοντίζειν</em></span> <span class='ocrx_word' id='word_1_140' title='bbox 541 3569 594 3636; x_wconf 83' lang='grc' dir='ltr'><em>καί</em></span> <span class='ocrx_word' id='word_1_141' title='bbox 618 3567 764 3648; x_wconf 80' lang='grc' dir='ltr'><em>τοξεύειν.</em></span> 
     </span>
    </p>
   </div>
   <div class='ocr_carea' id='block_1_8' title="bbox 673 3691 806 3785">
    <p class='ocr_par' dir='ltr' id='par_1_14' title="bbox 673 3691 806 3785">
     <span class='ocr_line' id='line_1_27' title="bbox 673 3691 806 3785; baseline -0.008 0"><span class='ocrx_word' id='word_1_142' title='bbox 673 3691 679 3698; x_wconf 82' lang='grc'>’</span> <span class='ocrx_word' id='word_1_143' title='bbox 730 3715 806 3785; x_wconf 84' lang='lat' dir='ltr'><strong>x11.</strong></span> 
     </span>
    </p>
   </div>
   <div class='ocr_carea' id='block_1_9' title="bbox 248 3831 1167 4044">
    <p class='ocr_par' dir='ltr' id='par_1_15' title="bbox 248 3831 1167 4044">
     <span class='ocr_line' id='line_1_28' title="bbox 248 3831 563 3907; baseline 0 0"><span class='ocrx_word' id='word_1_144' title='bbox 248 3831 359 3907; x_wconf 70' lang='lat' dir='ltr'><strong>Tibull.</strong></span> <span class='ocrx_word' id='word_1_145' title='bbox 382 3839 428 3907; x_wconf 92' lang='lat' dir='ltr'><em>II.</em></span> <span class='ocrx_word' id='word_1_146' title='bbox 453 3842 485 3906; x_wconf 90' lang='grc'><em>3.</em></span> <span class='ocrx_word' id='word_1_147' title='bbox 510 3842 563 3907; x_wconf 93' lang='grc'><em>31.</em></span> 
     </span>
     <span class='ocr_line' id='line_1_29' title="bbox 357 3956 1167 4044; baseline -0.001 -20"><span class='ocrx_word' id='word_1_148' title='bbox 357 3958 472 4024; x_wconf 80' lang='lat' dir='ltr'>Fabula</span> <span class='ocrx_word' id='word_1_149' title='bbox 493 3980 575 4024; x_wconf 82' lang='lat' dir='ltr'>nuno</span> <span class='ocrx_word' id='word_1_150' title='bbox 593 3956 687 4023; x_wconf 78' lang='lat' dir='ltr'><strong>illest:</strong></span> <span class='ocrx_word' id='word_1_151' title='bbox 712 3956 764 4024; x_wconf 83' lang='lat' dir='ltr'><em>sed</em></span> <span class='ocrx_word' id='word_1_152' title='bbox 781 3957 836 4022; x_wconf 87' lang='lat' dir='ltr'>-cui</span> <span class='ocrx_word' id='word_1_153' title='bbox 859 3978 913 4022; x_wconf 83' lang='lat' dir='ltr'><em>sua</em></span> <span class='ocrx_word' id='word_1_154' title='bbox 928 3978 1000 4022; x_wconf 84' lang='lat' dir='ltr'><strong>cura</strong></span> <span class='ocrx_word' id='word_1_155' title='bbox 1022 3956 1167 4044; x_wconf 80' lang='lat' dir='ltr'><strong>puellast,</strong></span> 
     </span>
    </p>
   </div>
   <div class='ocr_carea' id='block_1_10' title="bbox 248 4076 1125 4285">
    <p class='ocr_par' dir='ltr' id='par_1_16' title="bbox 248 4076 1125 4285">
     <span class='ocr_line' id='line_1_30' title="bbox 357 4076 1125 4162; baseline 0.003 -20"><span class='ocrx_word' id='word_1_156' title='bbox 357 4077 473 4144; x_wconf 79' lang='lat' dir='ltr'>Fabula</span> <span class='ocrx_word' id='word_1_157' title='bbox 495 4077 535 4142; x_wconf 76' lang='lat' dir='ltr'><em>sit</em></span> <span class='ocrx_word' id='word_1_158' title='bbox 561 4077 690 4155; x_wconf 77' lang='lat' dir='ltr'>mavolt,</span> <span class='ocrx_word' id='word_1_159' title='bbox 715 4098 805 4162; x_wconf 85' lang='lat' dir='ltr'><strong>quam</strong></span> <span class='ocrx_word' id='word_1_160' title='bbox 828 4076 892 4142; x_wconf 81' lang='lat' dir='ltr'>sine</span> <span class='ocrx_word' id='word_1_161' title='bbox 919 4099 1018 4144; x_wconf 83' lang='lat' dir='ltr'>amore</span> <span class='ocrx_word' id='word_1_162' title='bbox 1042 4077 1125 4144; x_wconf 88' lang='lat' dir='ltr'><strong>deus.</strong></span> 
     </span>
     <span class='ocr_line' id='line_1_31' title="bbox 248 4197 607 4285; baseline -0.003 -23"><span class='ocrx_word' id='word_1_163' title='bbox 248 4197 307 4262; x_wconf 84' lang='lat' dir='ltr'><em>Pro</em></span> <span class='ocrx_word' id='word_1_164' title='bbox 330 4219 402 4261; x_wconf 84' lang='lat' dir='ltr'><strong>cura</strong></span> <span class='ocrx_word' id='word_1_165' title='bbox 425 4197 518 4285; x_wconf 85' lang='lat' dir='ltr'>lege:.</span> <span class='ocrx_word' id='word_1_166' title='bbox 531 4218 607 4261; x_wconf 80' lang='lat' dir='ltr'><strong>cara.</strong></span> 
     </span>
    </p>
   </div>
   <div class='ocr_carea' id='block_1_11' title="bbox 0 0 1658 5138">
    <p class='ocr_par' dir='ltr' id='par_1_17' title="bbox 0 0 1658 5138">
     <span class='ocr_line' id='line_1_32' title="bbox 0 0 1658 5138; baseline 0 6"><span class='ocrx_word' id='word_1_167' title='bbox 0 0 1658 5138; x_wconf 95' lang='lat' dir='ltr'><em> </em></span> 
     </span>
    </p>
   </div>
  </div>
 </body>
</html>
