3296 5132
747 433 788 494 29

210 637 327 703 habere.
373 637 468 702 Furor
491 637 544 702 illc
570 636 672 700 omnia
706 657 782 721 quae
812 636 914 700 futura
937 642 1008 700 sunt
1030 636 1120 701 etiam
1143 637 1276 703 tristiora
1299 646 1329 706 et

211 755 358 819 atrociora
380 754 480 820 reddit
487 781 497 833 3
519 753 600 841 plebs
624 753 746 819 retineri
769 775 830 818 non
853 760 970 840 potest,
1002 753 1046 818 dii
1075 755 1230 842 perspicue
1253 756 1331 821 indi·

210 879 281 936 cant
314 894 391 957 quac
414 872 589 952 imminent,
624 871 777 959 prodigia,
813 871 958 937 sacrificia
983 871 1130 953 infausta,
1161 874 1329 961 praesagia,

211 989 311 1055 omnia
344 991 382 1056 ad
411 991 512 1078 fugam
542 991 713 1078 impellunt.
762 989 858 1055 Roma
886 991 990 1056 audito
1028 990 1174 1058 bellorum
1207 993 1330 1060 nomine

211 1101 373 1175 deseritur:
398 1133 458 1176 nox
483 1132 542 1175 nna
565 1110 614 1174 his
636 1109 732 1174 muris
754 1131 814 1175 non
838 1109 896 1174 iam
920 1109 1061 1177 creditur.

254 1346 369 1435 Operae
392 1347 524 1435 pretium
543 1349 600 1413 erit
619 1348 723 1436 paucis
742 1347 909 1433 inquirere,
923 1347 1009 1413 cuius
1028 1347 1217 1434 potissimum
1237 1349 1328 1438 scrip-

213 1467 288 1532 toris
312 1467 521 1534 auctoritatem
545 1473 633 1552 po'e'ta
653 1467 684 1531 in
708 1473 844 1554 poimate
868 1467 1021 1532 condendo
1045 1475 1166 1533 secutus
1188 1469 1239 1536 sit.

252 1585 326 1652 Non
348 1585 495 1672 amplius,
519 1586 624 1666 credo,
648 1609 723 1672 opus
745 1587 802 1652 crit
825 1585 970 1672 expressis
993 1586 1089 1652 verbis
1112 1587 1244 1653 indicare
1267 1587 1328 1654 Lu·

210 1730 318 1772 eanum
349 1729 365 1770 a
394 1704 531 1792 partibus
565 1705 703 1792 Pompeii
732 1711 827 1770 stare:
860 1727 928 1770 eum
957 1705 1038 1770 enim
1062 1705 1157 1792 magis
1179 1707 1327 1795 Pompeio

210 1849 300 1911 qnam
332 1826 453 1892 Caesari
482 1825 593 1890 favisae
623 1823 722 1890 ubivis
764 1825 898 1889 locorum
931 1831 1031 1912 patet,
1065 1847 1154 1910 quem
1190 1825 1228 1892 ad
1262 1849 1325 1892 mo·

210 1944 281 2010 dnm
311 1945 344 2010 in
373 1943 538 2009 enarrando
568 1941 647 2008 libro
670 1943 767 2029 primo
791 1942 908 2008 abunde
931 1942 1150 2009 demonstrasse
1172 1943 1258 2010 nobis
1282 1945 1325 2009 vi·

209 2063 325 2130 demur.

253 2181 307 2247 Nil
341 2181 450 2246 mirum
485 2180 578 2268 igitur
610 2186 729 2267 potitam
763 2179 836 2244 talia
859 2166 1059 2261 sentientem,
1090 2186 1210 2246 auctore
1240 2204 1325 2247 usum

208 2323 281 2366 esse·
295 2301 348 2385 qui
371 2300 477 2366 iisdem
497 2300 772 2386 partibus'faveret.
817 2299 925 2384 Itaque
943 2305 1095 2364 auctorem
1111 2299 1326 2388 Pompeianum

211 2419 334 2485 Lucano
371 2419 483 2485 fontem
519 2419 610 2483 fuisse
644 2417 894 2484 verisimillimum
928 2425 982 2484 est.
1029 2419 1106 2501 Quis
1138 2419 1187 2484 ille
1221 2420 1326 2500 fuerit,

210 2540 388 2627 comparatis
423 2561 489 2604 cnm
524 2537 646 2604 Lucano
680 2536 875 2624 scriptoribus
908 2537 960 2624 qui
994 2537 1032 2602 de
1065 2536 1151 2603 bellis
1185 2537 1327 2603 civilibus

209 2659 410 2747 scripserunt,
442 2680 501 2722 uon
532 2656 585 2722 diu
616 2679 755 2743 quaerere
784 2679 860 2742 opus
888 2655 956 2722 erit.
1002 2655 1079 2737 Quis
1107 2661 1153 2721 est
1175 2656 1254 2722 enim
1278 2657 1327 2722 cni

208 2800 270 2843 non
299 2779 402 2842 statim
435 2776 498 2841 Titi
529 2775 611 2842 Livii
639 2776 671 2842 in
702 2783 831 2840 mentem
861 2774 992 2855 venerit,
1024 2774 1077 2860 qui
1108 2775 1327 2859 quodammodo

209 2897 309 2964 civilis
331 2897 401 2963 belli
419 2896 593 2983 aequalibus
611 2895 798 2960 adnumerari
819 2901 935 2981 potest,
958 2893 1066 2978 cuique
1090 2893 1143 2979 qui
1166 2901 1267 2982 postea
1289 2896 1326 2960 de
1422 2902 1425 2911 '

209 3016 335 3082 historia
367 3015 502 3080 Romana
524 3015 707 3101 scripserunt
730 3021 849 3078 tantum
872 3012 1003 3078 tribuere
1026 3011 1176 3092 solebant,
1204 3020 1238 3078 ut
1265 3013 1326 3078 fere

209 3157 313 3202 omnes
342 3134 381 3201 ab
411 3157 447 3200 eo
476 3133 544 3222 plns
572 3131 709 3198 minusve
739 3132 890 3218 pendeant
913 3132 948 3215 ¹).
993 3131 1194 3196 Notissimum
1225 3141 1326 3197 autem
1423 3165 1425 3169 ·

209 3260 254 3320 eat
276 3277 346 3320 cnm
370 3253 407 3319 ab
431 3256 569 3340 Augusto
592 3251 810 3339 Pompeianum
834 3250 1019 3338 appellatum
1043 3273 1108 3316 esse
1131 3253 1156 3336 ⁹)
1163 3276 1173 3329 3
1196 3272 1326 3335 cumque

209 3373 386 3460 Pompeium
417 3394 532 3459 semper
559 3371 699 3438 laudibus
728 3370 871 3437 extulisse
900 3376 1018 3434 constat
1040 3392 1077 3434 ex
1099 3369 1222 3450 Tacito,
1245 3369 1326 3456 apud

210 3513 299 3577 quem
327 3489 498 3556 Cremutius
514 3489 641 3556 ‘cordus
669 3490 716 3555 his
744 3489 844 3555 verbis
867 3488 981 3554 utitur:
1007 3488 1115 3568 ‘'Titns
1137 3487 1243 3556 Livius
1266 3488 1327 3554 elo·

211 3609 353 3697 quentiae
382 3632 417 3676 ac
447 3608 519 3675 fidei
548 3609 716 3696 praeclarus
746 3608 778 3674 in
809 3606 930 3694 primis,
955 3607 1012 3674 Cn.
1035 3605 1211 3694 Pompeium
1232 3607 1326 3673 tantis

242 3974 263 4045 ¹)
281 3973 377 4029 Confer
390 3968 532 4029 Wilmans:
552 3970 592 4028 De
609 3967 705 4027 Dionis
722 3965 807 4024 Cassii
825 3964 944 4023 fontibus
964 3967 992 4022 ct
1009 3964 1175 4024 auctoritate.
1193 3964 1257 4039 Cap.
1275 3965 1330 4026 III.

241 4062 261 4128 ²)
280 4058 391 4115 Minime
417 4077 479 4115 vero
497 4058 546 4114 hoc
563 4054 750 4130 negligendum
772 4070 830 4108 esse
851 4069 945 4108 censeo
962 4050 1071 4108 Livium
1089 4051 1278 4127 Pompeianum
1296 4053 1329 4110 ab

206 4163 238 4202 eo
255 4145 313 4201 viro
330 4143 493 4220 appellatum
510 4162 580 4211 esse,
599 4143 645 4217 qui
662 4140 834 4198 Caesarianae
844 4137 975 4196 ductionis
987 4137 1063 4210 qnasi
1081 4136 1169 4206 heres,
1188 4142 1258 4196 certe
1276 4157 1330 4196 non

206 4229 332 4289 iudicium
349 4230 415 4287 tulit
433 4229 466 4287 ab
484 4229 556 4286 omni
573 4229 612 4285 ira
630 4225 771 4299 studioque
789 4227 928 4288 remotum.
