3308 5138
836 399 898 462 120

304 607 357 676 ueri
377 609 411 673 πδ
431 606 499 688 περὶ
522 609 592 679 τοὺς
613 605 730 679 ἱππέας
751 603 846 678 πάθος
860 603 999 679 εἴκασεν,
1017 596 1109 685 ᾧμεν
1121 607 1263 686 χρήσαπν
1276 607 1417 688 λογισμῷ
1464 663 1467 668 .

302 728 448 812 χαλεπὸν
470 728 586 802 εἰπεῖν,
612 725 759 807 μαλιστα
782 725 813 791 δὲ
836 720 936 804 ὅμοιος
961 725 1135 809 παράφρονι
1155 725 1207 792 καὶ
1228 734 1417 808 παραπλῆγι

300 849 356 922 την
380 845 512 912 διάνοιαν
519 881 536 929 ,·
563 847 615 912 καὶ
639 846 712 926 μηδ’
737 842 783 911 ὅτι
809 844 941 925 Μάγνος
968 847 1034 912 ἐστὶ
1068 847 1227 925 Πομπήιος
1267 847 1416 923 ἕνννῦνπι,

302 967 420 1049 μηδένα
444 970 612 1048 προσειπὼν
634 969 727 1051 eineder
753 966 855 1046 βάδην
879 969 920 1041 εἰς
941 967 992 1033 πδν
1013 965 1176 1050 χαρακα”.
1200 967 1418 1055 Appianus1):

206 1108 211 1118 ’
304 1089 483 1168 „Repetite
516 1087 610 1153 δ’ἕπεὶ
637 1089 691 1164 την
725 1088 837 1170 πρνπην
869 1083 964 1169 εἶδεν,
989 1085 1108 1171 ἔκφρων
1132 1087 1226 1153 αὑτοῦ
1256 1087 1418 1167 γενόμενος

301 1211 396 1293 sinder
427 1207 528 1288 βάδην
552 1211 594 1282 εἷς
614 1210 649 1286 τὸ
669 1207 895 1291 στρατόπεδον,
916 1209 968 1276 καὶ
991 1209 1147 1291 παρελθὼν
1171 1209 1201 1282 ἐς
1227 1209 1282 1284 την
1309 1209 1420 1284 σκηνην

304 1328 463 1414 ἐκαθέζετο
486 1327 648 1400 tvenne&

345 1449 467 1532 Quanto
497 1447 620 1514 liberius
649 1447 789 1514 Lucanus
820 1447 939 1514 hero'e'm
970 1469 1058 1514 suum
1086 1447 1232 1535 depinxit.
1278 1447 1357 1514 Eum
1387 1449 1420 1515 in

301 1589 411 1655 equum
450 1567 607 1633 escendere
636 1567 726 1632 iussit
754 1572 914 1654 partesque
944 1566 1086 1654 intrepidi
1117 1572 1210 1652 etque
1238 1567 1421 1654 magnanimi

300 1685 358 1752 viri
380 1691 519 1773 egentem
540 1685 667 1753 indueit.
713 1687 806 1774 Apud
828 1686 986 1752 Lucanum
1009 1685 1173 1773 Pompeius
1198 1686 1304 1752 invitis
1325 1687 1421 1752 histo·

299 1807 384 1888 riuis,
414 1807 468 1893 qui
491 1805 595 1873 saltem
618 1807 705 1872 nobis
729 1807 945 1895 periniurium
969 1809 1143 1894 temporum
1167 1813 1344 1896 supersunt,
1367 1831 1422 1872 uo·

299 1926 379 1991 mine
408 1926 523 2013 Magno
555 1926 749 2012 dignissimus
781 1926 980 2006 describitur3
1013 1926 1046 1990 in
1070 1927 1184 1992 virtute
1207 1927 1335 2014 pristina
1356 1950 1422 2014 per·

299 2050 416 2111 menet:
451 2045 502 2111 ubi
533 2045 635 2111 dolore
658 2047 796 2134 angitur,
820 2047 904 2112 dolor
926 2069 1041 2134 semper
1063 2046 1244 2113 reverendus
1267 2053 1314 2112 est
1339 2047 1421 2112 salva

301 2165 464 2232 maiestate.
497 2163 591 2231 Plura
624 2165 721 2232 dicere
755 2190 831 2254 opus
864 2189 924 2232 non
958 2173 1021 2232 est:
1061 2174 1180 2254 po'e'tum
1209 2167 1303 2232 studii
1334 2167 1423 2254 eulpa

301 2285 385 2352 nullo
409 2286 496 2352 modo
519 2286 732 2353 absolvendum
758 2310 822 2353 esse
846 2287 992 2353 videmus.

347 2405 466 2470 Ducem
488 2405 652 2492 fugientem
676 2405 825 2472 Larissam
848 2406 969 2493 petiisse
992 2405 1052 2472 iam
1064 2407 1173 2472 Caesar
1195 2429 1250 2472 nos
1269 2406 1371 2473 docuit
1384 2409 1421 2492 ⁹).

302 2524 391 2590 Cives
412 2523 489 2589 laeto
512 2525 612 2589 animo
633 2547 700 2590 eum
720 2525 867 2612 accepisse
891 2549 976 2591 nemo
995 2526 1054 2592 nisi
1070 2527 1211 2592 Lueenus
1236 2526 1336 2592 refert.
1361 2525 1421 2590 Dio

304 2641 379 2706 dieit
402 2644 427 2727 3)
457 2642 588 2723 ρὲς«αὲν
609 2645 663 2716 την
685 2642 774 2708 πόλιν
799 2647 852 2708 οὐκ
880 2645 1006 2722 ἐσῆλθε,
1030 2645 1130 2711 καὶπον
1158 2649 1217 2710 τῶν
1244 2644 1422 2726 Λαρνσαίων

304 2759 532 2838 ἕσκαλνύνπων,
564 2764 712 2845 φοβηθεὶς
733 2763 777 2842 μη
801 2787 871 2828 τινα
892 2765 926 2830 ἐκ
951 2764 1059 2831 τούτου
1089 2765 1193 2832 αἰτίαν
1225 2764 1380 2844 ὀφαῶσνν,
1407 2788 1423 2831 e

304 2883 417 2969 quibus
439 2883 539 2949 denuo
562 2891 684 2972 apparet
707 2907 776 2950 eum
800 2909 862 2950 non
880 2885 968 2972 piune
982 2891 1066 2952 metu
1078 2908 1215 2967 vacasse,
1229 2891 1265 2950 ut
1278 2885 1424 2951 Lucanus

305 3003 452 3100 perhibet.
498 3003 608 3069 Statim
631 3003 727 3091 igitur
743 3003 898 3070 veritatem
917 3005 1073 3092 Euripidis
1093 3005 1250 3071 verborum
1263 3011 1421 3093 expertus:

305 3123 409 3203 ἀνδρὸς
440 3129 541 3198 κακῶς
576 3125 762 3208 πράττοντας
794 3128 925 3192 ἐκποδῶν
952 3127 1060 3208 φίλα,
1082 3128 1136 3194 ubi
1160 3134 1295 3215 tempore
1319 3126 1425 3192 nubila

307 3243 388 3308 facta
417 3249 517 3309 essent
539 3268 570 3311 se
594 3245 630 3312 ab
652 3246 756 3312 amieis
777 3247 960 3312 destitutum
980 3270 1044 3313 esse
1064 3248 1224 3334 cognovit,
1249 3248 1298 3313 vel
1321 3246 1424 3312 saltem

312 3364 483 3451 suspicatus
506 3371 562 3430 est.

354 3483 471 3550 Milites
496 3483 602 3549 cestris
632 3483 769 3571 Pompeii
792 3485 905 3570 potitos
927 3507 1066 3572 magnum
1090 3485 1151 3550 vim
1177 3485 1243 3550 euri
1267 3490 1359 3570 atque
1381 3505 1426 3548 ur·

310 3605 393 3692 genti
416 3605 567 3670 invenisse
590 3603 697 3670 Caesar
719 3608 824 3668 auctor
847 3610 902 3670 est.
922 3605 948 3690 4)
990 3588 1090 3669 Multa
1114 3604 1236 3671 invente
1259 3627 1324 3672 esse
1348 3627 1427 3691 quae

297 3809 566 3826 ————-

344 3949 582 4023 meum

342 4035 595 4107 rmumm

343 4120 615 4197 wemmn

342 4206 596 4284 uuemm
