3308 5138
870 355 930 416 152

343 560 444 626 studio
467 561 593 627 liberum
615 560 764 626 iudicium
787 561 900 629 tulerit.
923 562 1131 658 Ilieripotest,
1155 563 1308 628 utLivins
1324 562 1461 648 inopere

343 681 498 747 condendo
527 681 715 746 manifestius
743 681 907 747 ostenderit
937 704 969 747 se
997 705 1015 746 a
1046 681 1182 768 Pompeii
1204 681 1342 768 partibus
1364 687 1460 761 stare,

341 803 394 868 aed
419 808 569 888 quatenns
595 801 719 867 Livium
745 824 781 867 ex
807 801 926 889 exiguis
945 800 1081 886 reliquiis
1101 799 1139 865 de
1156 799 1241 865 Bello
1260 800 1353 865 Civili
1370 799 1462 865 nobis

338 920 456 987 traditis
485 923 641 1002 novimus,
683 919 844 988 diiudicari
875 943 935 986 non
965 924 1082 1016 potest,
1118 925 1222 985 utrum
1252 919 1381 985 nimium
1411 921 1462 984 in·

337 1039 464 1128 dulgens
485 1034 625 1128 partibus
643 1039 855 1127 Pompeianis,
876 1039 1197 1126 respersonasquehis
1209 1039 1364 1120 adversas,
1384 1039 1462 1104 satis

340 1159 459 1247 integro
489 1181 645 1245 aequoque
675 1159 775 1224 animo
802 1159 977 1224 tractaverit
995 1181 1104 1227 annon.
1150 1159 1189 1224 In
1210 1159 1334 1226 Lucano
1358 1165 1464 1225 autem

337 1278 532 1345 uehementer
566 1277 797 1366 improbandum
829 1278 959 1344 arbitror
989 1262 1087 1365 quod,
1122 1279 1360 1365 quotiescunque
1393 1280 1462 1344 fieri

341 1399 458 1485 potuit,
499 1397 634 1464 Caesaris
674 1398 771 1464 famae
811 1399 919 1464 nocuit
963 1397 1147 1485 gloriamque
1182 1399 1247 1464 eina
1281 1399 1465 1466 obtrectavit

342 1517 475 1584 oratione
508 1539 580 1582 usus
614 1517 719 1583 acerba
752 1523 843 1612 atque
874 1518 1056 1604 impetuosa,
1092 1518 1250 1584 manifesto
1274 1519 1465 1607 edicatque

341 1637 386 1702 ira
424 1636 576 1724 abreptus.
621 1637 750 1703 Accedit
784 1636 867 1722 quod
899 1643 988 1724 po'e'ta
1026 1659 1253 1723 nonnumquam
1286 1662 1304 1703 a
1331 1639 1463 1715 veritate

338 1756 476 1837 recessit,
510 1778 605 1841 quum
634 1755 667 1821 id
695 1762 779 1844 agat,
810 1763 846 1822 ut
877 1756 997 1822 heroem
1019 1779 1110 1822 suum
1133 1756 1274 1824 laudibus
1297 1780 1382 1845 saepe
1404 1757 1463 1824 im·

286 1959 289 1965 ¹
341 1875 456 1941 meritis
478 1875 589 1941 efferat.

279 2013 284 2023 “
384 1995 444 2063 Sed
466 1995 539 2063 haec
562 1996 638 2062 vitia
659 1995 777 2062 Lucani
798 1995 913 2084 gloriae
933 2019 996 2063 non
1018 1997 1166 2065 officiunt.
1211 1996 1307 2062 Tanta
1326 1995 1408 2063 euim
1429 1996 1462 2062 vi

340 2137 409 2181 vere
442 2117 575 2203 po'e‘tica,
608 2122 694 2182 tanto
727 2116 826 2182 nitore
854 2122 945 2201 atque
975 2116 1122 2205 elegantia
1148 2116 1302 2182 Pharsalia
1324 2137 1356 2181 se
1378 2138 1463 2183 com·
1579 2157 1580 2175 η

340 2236 476 2318 mendat,
500 2242 535 2302 ut
558 2235 655 2302 iustae
676 2235 705 2300 ei
726 2235 830 2302 laudes
846 2241 878 2302 ct
894 2235 1022 2303 honores
1040 2259 1206 2323 numquam
1226 2236 1366 2303 defutura
1385 2236 1463 2303 sint.
1579 2255 1580 2261 ’
