3308 5138
717 416 757 478 85

179 625 301 689 edoctus
330 625 419 687 finem
441 644 539 686 rerum
562 626 730 707 cognoscat.
758 620 907 686 'Lucanus
929 621 1052 708 regione
1076 622 1225 709 descripta
1241 621 1292 687 do-

177 742 267 807 lorem
291 748 419 806 testatus
443 747 504 820 est,
536 739 616 826 quod
639 739 792 804 oraculum
817 739 917 804 sileret
939 746 1098 826 postquam
1133 764 1217 828 reges
1243 732 1294 807 ve·

177 861 290 925 tuerint
312 882 434 946 superos
457 859 558 945 loqui,
579 859 690 944 quibus
710 858 827 938 verbis,
848 858 1014 923 Scholiasta
1032 865 1125 938 teste,
1138 859 1292 926 Neronem

178 978 292 1064 tangit,
321 977 371 1042 cui
401 979 516 1064 petenti
540 979 695 1043 oraculum
725 1000 837 1043 numen
859 979 1066 1064 responderat:
1105 1001 1181 1066 nego
1204 980 1295 1065 parri-

178 1085 268 1160 cidis
286 1119 348 1161 non
382 1094 580 1183 respondeo''.
626 1095 693 1160 Hoc
717 1095 800 1160 dicto
824 1095 966 1160 confusus
995 1096 1146 1161 oraculum
1181 1097 1295 1162 consuli

111 1231 113 1240 ·
177 1215 290 1296 vetuit,
325 1238 362 1280 ne
397 1215 465 1300 quis
492 1215 705 1300 imperatorum
730 1214 895 1298 inquireret
917 1215 1033 1295 fatum,
1058 1222 1088 1280 et
1111 1215 1149 1279 iis
1171 1214 1295 1280 insidia·

176 1341 271 1412 retur,
295 1341 349 1398 aut
372 1333 467 1419 ipsius
488 1332 620 1397 Neronis
645 1355 682 1396 ne
706 1332 773 1416 quis
797 1331 961 1416 inquireret
984 1333 1130 1418 fatum1).

218 1454 328 1540 Pythia
362 1473 434 1516 vero
469 1451 569 1538 Appio
605 1451 758 1516 dissuadet
781 1450 931 1515 oraculum
955 1451 1124 1518 consulere:
1159 1453 1233 1517 satis
1267 1454 1295 1518 ei

176 1576 228 1652 sit,
254 1594 362 1637 arcana
384 1571 439 1635 fati
462 1593 515 1656 per
538 1569 667 1635 carmina
689 1569 820 1655 Sibyllae
844 1593 1031 1657 cognoscere.
1077 1571 1209 1636 Tandem
1237 1571 1296 1657 Py·
1360 1554 1362 1558 ¹

175 1693 238 1757 thia
261 1690 362 1777 Appio
386 1689 512 1781 instanti
546 1688 643 1768 cedit,
679 1709 859 1773 quamquam
895 1689 1004 1775 pavida
1037 1689 1121 1775 adyti
1144 1691 1293 1776 penetrale

175 1813 299 1877 intrans.
345 1809 448 1874 Mente
467 1830 627 1886 concussa,
647 1830 770 1894 spumea
790 1807 882 1873 rabiei
899 1831 953 1894 per
965 1831 1074 1873 vesana
1094 1831 1144 1874 ora
1159 1807 1295 1874 effluente

176 1932 294 1996 tandem
320 1952 408 1994 voces
431 1929 525 2014 uirgo¹
539 1928 662 2015 profert.

327 2048 446 2134 Effugis
469 2049 623 2134 ingentes,
646 2047 723 2112 tanti
747 2046 928 2111 discriminis
948 2069 1057 2132 expers

330 2166 498 2246 Bellorum,
523 2189 539 2230 o
562 2166 713 2247 Romane,
737 2166 847 2244 minas;
872 2165 1010 2250 solusque
1033 2165 1165 2250 quietern

330 2285 459 2350 Euboici
483 2291 569 2350 vasta
592 2285 695 2350 lateris
719 2284 855 2349 convalle
878 2284 1003 2350 tenebis.

218 2405 243 2470 E
268 2405 380 2491 quibus
403 2405 503 2470 verbis
527 2404 727 2491 ancipitibus,
752 2411 789 2468 ut
811 2403 890 2468 iusto
914 2405 1034 2468 oraculo
1046 2403 1159 2468 seilicet
1170 2426 1223 2490 par
1236 2409 1296 2481 est,

66 2537 67 2542 ’
178 2527 294 2612 Appius
338 2524 475 2604 coniicit,
518 2547 548 2588 se
585 2531 639 2598 τῆς
676 2523 781 2598 κοίλης
818 2523 955 2602 Εὐβοίας
980 2523 1188 2610 imperatorem
1222 2523 1295 2587 lore.

175 2644 385 2710 Nihilominus
416 2643 549 2708 fallitur:
589 2649 658 2708 ante
688 2665 820 2730 pugnam
852 2643 1053 2707 Pharsalicam
1088 2641 1191 2707 morbo
1226 2664 1295 2706 con·

177 2770 329 2850 sumptus,
364 2763 550 2848 praedictum
577 2786 594 2827 a
618 2762 673 2827 deo
697 2762 797 2827 locum
820 2762 975 2848 sepultura
999 2760 1030 2824 in
1053 2760 1151 2854 insula
1173 2759 1314 2836 Euboea,

175 2883 326 2968 possedit,
351 2905 439 2966 quarn
463 2882 557 2968 igitur
586 2883 643 2946 etsi
667 2890 803 2946 mortuus
831 2903 866 2945 re·
886 2903 955 2945 vera
979 2877 1153 2959 ,stenebat''.

217 3003 374 3068 Caesarem
405 3009 583 3066 remeantem
614 3000 738 3066 domitis
765 2999 942 3086 Hispaniis,
966 2998 1103 3062 victrices
1127 2996 1240 3081 aquilas
1263 2997 1295 3062 in
1377 3072 1380 3079 Ι

176 3121 266 3186 alium
290 3120 390 3186 orbem
414 3120 587 3199 ducentem,
613 3125 701 3205 poeta
723 3119 851 3182 historia
867 3117 960 3204 Appii
984 3121 1119 3181 enarrata
1139 3115 1292 3180 describit.

176 3239 328 3304 Militibus
352 3245 451 3302 tamen
474 3237 629 3302 Gaesarem
653 3238 782 3302 diffisum
806 3259 869 3301 esse
891 3235 1032 3300 Lucanus
1056 3239 1171 3314 narrat,
1196 3256 1294 3318 neque

175 3357 204 3422 in
228 3359 288 3424 ullo
313 3358 483 3422 discrimine
510 3359 605 3443 magis
635 3362 789 3442 expertum
820 3377 897 3435 esse,
929 3377 960 3419 se
983 3377 1043 3418 non
1067 3377 1083 3418 e
1106 3352 1206 3418 stabili
1230 3355 1293 3418 cul-

176 3477 252 3542 mine
282 3479 384 3543 omnia
415 3477 566 3564 despicere
573 3503 582 3555 3
615 3500 647 3541 se
677 3483 778 3540 autem
808 3497 881 3560 uper
905 3480 1059 3540 extentum
1083 3461 1185 3538 funem
1207 3472 1291 3554 ire'',

177 3603 210 3659 ut
233 3596 378 3662 Horatius
402 3596 476 3662 dicit
500 3598 535 3681 ⁹).

217 3715 332 3780 Milites
352 3715 431 3780 enim
458 3713 580 3778 moleste
603 3714 731 3778 ferentes
754 3713 864 3778 bellum
888 3712 976 3778 civile
1000 3712 1097 3792 trahi,
1125 3717 1291 3798 queruntur

178 3857 206 3898 se
234 3855 399 3916 numquam
426 3835 515 3898 finem
539 3831 796 3897 incommodorum
825 3838 993 3919 reperturos
1019 3855 1091 3897 esse.
1139 3831 1291 3912 Quidnam

207 4133 226 4200 ¹)
246 4129 331 4189 Schol.
349 4131 419 4186 Bem
437 4150 479 4203 pg.
499 4133 559 4187 159.

207 4215 227 4284 ²)
246 4214 326 4272 Serm.
345 4215 385 4272 Il.
403 4217 429 4272 l.
449 4217 509 4274 210.
