3308 5138
734 399 774 462 91

238 605 329 692 Apud
363 605 516 672 Valerium
551 605 718 672 Maximum
753 605 876 673 eandem
907 610 1108 675 narrationem
1136 632 1191 675 nos
1213 611 1309 697 legere

194 747 286 812 supra
308 724 367 792 iam
384 724 477 792 verbo
495 725 706 792 indicavimus.
741 726 856 792 Eodem
878 727 964 794 fonte
984 733 1030 794 est
1048 751 1138 809 usus,
1162 729 1310 814 qnoOro·

194 844 273 925 eius,
292 865 390 930 nequo
413 843 546 911 dubitari
570 866 646 932 opus
668 849 729 926 est,
753 844 829 930 quin
851 850 979 933 uterque
1000 870 1037 914 ex
1055 847 1145 914 Livio
1160 848 1308 930 hauserit,

195 963 438 1049 quandoquidem
479 962 633 1030 Valerium
677 963 846 1030 Maximum
888 963 991 1032 sedulo
1020 966 1143 1042 Livium
1174 974 1311 1035 secutum

195 1105 259 1148 esse
293 1083 366 1150 satis
400 1089 528 1150 constat.
574 1084 651 1150 Oum
684 1081 774 1149 Floro
803 1083 975 1171 saepissime
997 1085 1138 1152 Valerius
1160 1086 1313 1154 Maximus

195 1203 351 1290 congruit,
375 1226 391 1268 e
414 1203 525 1289 quibus
547 1203 639 1285 locis,
652 1224 723 1269 cum
733 1203 887 1268 nonnullis
898 1203 1031 1290 Appiani
1043 1205 1176 1287 collatis,
1189 1207 1312 1272 conclu·

196 1321 265 1387 dere
297 1321 389 1404 licet,
423 1329 483 1389 tres
516 1323 584 1389 illos
612 1323 771 1410 scriptores
801 1341 888 1410 saepe
919 1347 956 1389 ex
977 1323 1067 1391 Livio
1091 1347 1143 1390 sna
1165 1325 1314 1395 hausisse.

195 1440 324 1508 Etiamsi
345 1441 423 1508 nihil
454 1442 492 1508 de
521 1442 578 1510 hac
607 1465 639 1508 re
668 1441 751 1507 Livii
781 1441 928 1508 Periocha
958 1442 1015 1508 CX
1046 1442 1198 1526 continet,
1234 1444 1314 1511 hano

195 1561 267 1628 libri
301 1560 402 1647 quinti
433 1567 547 1649 partem
578 1584 640 1627 non
667 1567 778 1628 temere
800 1561 978 1628 coniioimns
1000 1563 1157 1629 Lucanum
1180 1587 1198 1630 a
1220 1563 1312 1631 Livio

197 1687 368 1746 mutuatum
402 1703 483 1762 essa,
519 1679 592 1766 quia
627 1703 747 1767 prorsus
776 1703 846 1746 cum
876 1681 1042 1748 manifestis
1072 1681 1156 1748 Livii
1181 1683 1312 1750 imitato·

195 1800 277 1866 ribus
301 1800 454 1888 congruit.

239 1919 317 2002 Quis
339 1918 460 1986 tandem
483 1919 536 1984 ille
559 1919 679 2006 Appius
700 1918 848 1984 Claudius
872 1919 965 1986 fuerit
983 1919 1143 1989 nescimus.
1176 1919 1314 1989 Fortasse

196 2039 410 2126 intelligendus
422 2045 468 2104 est
480 2038 597 2125 Appius
608 2037 754 2104 Claudius
766 2037 909 2120 Pulcher,
924 2038 1029 2104 consul
1041 2062 1119 2105 anno
1131 2039 1213 2106 Deo
1224 2041 1264 2108 U.
1276 2041 1313 2110 Ο.

197 2161 249 2242 (53
274 2181 301 2224 a.
324 2158 360 2224 O.
382 2159 427 2244 n.)
451 2157 540 2223 Bruti
562 2180 663 2238 socer,
687 2159 741 2243 qui
764 2181 781 2223 a
805 2157 844 2239 Q.
868 2157 1031 2224 Hortensio
1055 2164 1087 2224 et
1105 2159 1311 2242 Brnt0,anno

195 2275 322 2345 DOCIV
344 2278 385 2345 U.
410 2277 463 2358 0.,
487 2299 581 2363 quum
610 2299 627 2342 e
649 2276 756 2342 Cilicia
780 2277 938 2364 provincia
960 2277 1055 2344 redux
1077 2285 1108 2344 et
1130 2279 1260 2346 ambitus
1282 2288 1314 2348 et

198 2397 361 2463 maiestatis
381 2419 398 2461 a
420 2395 573 2462 Dolabella
598 2401 675 2462 esset
697 2403 870 2477 accusatus,
884 2397 1024 2462 defensus
1043 2403 1099 2464 est.
1133 2397 1237 2465 Frater
1254 2400 1310 2488 igi-

198 2526 247 2582 tur
268 2523 347 2583 esset
368 2515 403 2584 P.
427 2516 544 2598 Clodii,
567 2516 720 2582 Ciceronis
743 2515 876 2598 inimici,
893 2516 930 2582 ad
950 2517 1094 2601 quomis,
1108 2517 1310 2604 quieiuscol·

198 2637 263 2724 lega
295 2637 329 2702 in
353 2642 503 2724 auguratu
532 2643 611 2717 erat,
635 2636 757 2702 tertium
781 2635 889 2702 librum
913 2636 1117 2723 Epistolarum
1139 2639 1178 2705 ad
1200 2639 1309 2709 Ilamil.

197 2757 326 2845 scripsit.
360 2757 438 2822 Eum
462 2755 566 2822 Cicero
585 2755 618 2821 in
638 2755 761 2842 Disput.
781 2757 870 2823 Taso.
890 2756 1127 2838 vrapoucarelca
1146 2760 1312 2826 exercuisse

198 2878 289 2943 tradit
312 2879 348 2963 1).
394 2876 457 2944 Alii
490 2898 575 2958 vero,
605 2882 641 2940 ut
664 2875 813 2956 Orellius,
837 2898 873 2940 ex
897 2875 1050 2962 Sulpicio,
1073 2882 1174 2943 vetere
1196 2879 1312 2945 Lucani

197 2998 374 3084 interprete,
394 2995 525 3083 intelligi
552 2995 658 3061 volunt
681 3017 766 3075 eum,
792 2995 844 3080 qui
867 2995 905 3060 ad
927 2994 1101 3060 Ciceronem
1122 2995 1159 3062 de
1174 2999 1311 3084 augurali

197 3117 353 3203 disciplina
383 3115 539 3202 scripserat
566 3117 601 3202 ⁵¹).
658 3115 804 3196 Quaestio
838 3115 976 3200 quisnam
1005 3114 1054 3180 ille
1083 3115 1192 3198 fuerit,
1221 3117 1309 3204 plane

196 3238 291 3324 igitur
314 3237 429 3303 incerta
459 3235 557 3302 adhuc
580 3256 772 3323 semperque,
795 3233 855 3298 nisi
879 3234 980 3316 fallor,
1004 3234 1148 3301 manebit.

240 3355 362 3424 (laesuri
381 3378 418 3421 ex
435 3354 582 3441 Hispania
604 3356 637 3419 in
660 3353 780 3419 Italiam
799 3353 943 3419 remeanti
960 3354 1183 3440 inexpectatum
1195 3355 1311 3440 pericu·

197 3477 258 3542 lum
273 3475 454 3562 inpendere,
471 3473 640 3560 legionibus
652 3473 777 3539 moleste
790 3473 954 3539 ferentibus
967 3472 1155 3539 difficultates
1166 3472 1310 3539 itinerum

197 3603 227 3661 et
245 3595 376 3698 labores,
396 3593 474 3658 inter
493 3615 595 3658 omnes
615 3592 775 3658 historicos
795 3599 922 3659 constat.
951 3592 1050 3657 Unum
1063 3592 1143 3679 apud
1155 3591 1310 3659 Gaesarem

198 3716 297 3802 ipsum
318 3737 376 3778 non
397 3712 554 3800 reperitur.
577 3711 630 3777 Bis
648 3717 748 3777 autem
768 3713 967 3778 tumultuatos
985 3733 1048 3777 esse
1063 3711 1220 3777 militesin
1239 3712 1311 3778 an-

197 3835 269 3900 saris
289 3833 414 3898 historia
430 3834 618 3914 invenimus,
642 3853 716 3916 quas
734 3832 895 3898 seditiones
906 3831 1045 3898 Lucanus
1058 3832 1204 3899 confudit.
1228 3830 1311 3897 Utri-

227 4121 247 4190 ¹)
267 4117 346 4190 Disp-
361 4116 438 4172 Tusa.
457 4117 472 4170 I
490 4117 532 4172 38.

227 4206 248 4278 ²)
268 4203 353 4281 Epist.
372 4201 404 4257 ad
424 4201 484 4264 Div.
503 4201 549 4258 ΠΙ
568 4203 592 4257 4.
