3308 5138
856 411 897 472 84

742 647 844 719 [siber
867 647 1013 743 quintus.

365 853 459 918 Nulla
488 857 639 938 praeterea
673 849 825 913 mentione
864 847 960 927 lacta,
997 869 1095 932 neque
1128 847 1283 912 Massiliae
1318 855 1436 936 captae,

321 994 418 1056 neque
441 969 514 1036 belli
538 966 748 1054 Hispaniensis
771 966 867 1045 finiti,
902 965 978 1030 liber
1012 967 1137 1050 quintus
1167 988 1223 1030 nos
1257 967 1290 1031 in
1311 966 1436 1052 Epirum

327 1089 477 1169 traducit,
509 1110 568 1171 qua
598 1086 629 1150 in
660 1086 780 1172 regione
809 1084 972 1171 Pompeius
1001 1107 1070 1149 cum
1100 1085 1287 1150 senatoribus
1311 1085 1438 1172 trepida·

327 1211 410 1274 tione
444 1206 663 1293 aliquantulum
697 1203 820 1268 remissa
851 1203 946 1288 (Mare
976 1202 1121 1289 Superum
1152 1204 1232 1270 euim
1257 1204 1294 1269 ab
1315 1204 1437 1269 instanti

324 1329 437 1394 victora
460 1349 510 1392 aos
534 1324 683 1409 diremit),
709 1346 740 1388 se
763 1346 799 1388 ex
822 1323 928 1387 timore
951 1321 1145 1408 collegerunt.
1179 1321 1217 1387 In
1236 1330 1333 1388 castra
1351 1324 1438 1388 Pom-

326 1448 388 1534 peii
415 1468 469 1511 uos
499 1443 616 1509 inducit
624 1494 633 1524 ,
649 1440 734 1506 'licet
765 1447 853 1528 po'e'ta
884 1439 983 1505 sedem
1007 1442 1192 1526 peregrinam
1217 1465 1250 1506 ac
1272 1442 1438 1524 sordidam,

326 1588 387 1650 qua
413 1563 542 1628 Romani
571 1584 708 1650 proceres
732 1560 846 1647 accepti
870 1560 948 1639 siut,
971 1561 1091 1625 nomine
1114 1569 1277 1626 castrorum
1300 1561 1353 1626 vix
1376 1562 1439 1648 dig·

325 1707 395 1750 nam
418 1683 537 1748 habeat.

369 1803 484 1868 Consul
506 1803 543 1868 L.
566 1800 726 1866 Cornelius
748 1798 897 1864 Lentulus
920 1798 995 1864 Orus
1018 1807 1116 1886 patres
1139 1802 1172 1866 iu
1194 1802 1353 1868 consilium
1372 1825 1439 1867 oon·

325 1930 447 1988 vocatos
475 1921 653 1986 adhortatus
682 1924 741 1998 est,
773 1925 809 1982 ut
838 1917 1017 2004 Pompeium
1040 1919 1144 1983 ducem
1170 1921 1286 1985 cunctis
1308 1945 1441 2007 praeesse

324 2043 455 2108 iubeant.
469 2039 636 2121 ,Nostrum
648 2038 730 2102 enim
743 2075 784 2086 -
798 2037 899 2121 inquit
909 2075 951 2086 —
966 2037 1110 2102 exhausto
1123 2061 1200 2103 anno
1213 2040 1260 2103 ius
1280 2040 1439 2106 clauditur:

326 2167 476 2238 vestrum,
506 2166 621 2246 patres,
653 2164 714 2238 est,
738 2156 786 2221 ius
820 2156 905 2220 ducis
928 2156 1070 2242 eligendi.
1093 2155 1166 2222 Non
1188 2158 1302 2224 Romae
1325 2165 1442 2225 tantum

325 2285 447 2344 senatus
470 2280 544 2344 estis
552 2306 561 2358 ;
585 2277 758 2361 ubicunque
781 2273 959 2354 decernitis,
986 2275 1050 2339 illic
1073 2276 1120 2340 ius
1141 2277 1441 2356 habetis,uamordo

325 2398 508 2479 senatorius,
532 2397 594 2461 solo
618 2401 734 2460 mutato
758 2415 915 2478 uunquam
939 2392 1004 2457 iura
1017 2416 1070 2458 sua
1081 2394 1243 2480 perdidit.’'
1268 2394 1362 2462 Laeto
1384 2397 1440 2462 ola·

330 2539 412 2582 mora
434 2519 583 2580 senatores
605 2513 742 2599 Pompeii
764 2534 871 2577 nomen
896 2519 1075 2598 exceperunt
1092 2514 1281 2599 patriaeque,
1305 2523 1336 2580 et
1354 2539 1439 2582 suurn

328 2636 424 2701 fatum
446 2635 560 2721 Magno
583 2633 808 2698 commiserunt.

370 2755 455 2820 Tunc
484 2754 612 2818 honores
649 2752 682 2816 in
720 2773 803 2838 reges
837 2758 867 2816 at
901 2753 1028 2850 populos
1063 2754 1273 2820 decreverunt:
1318 2755 1441 2820 Rhodus
1519 2747 1521 2750 ¹

328 2875 414 2941 donis
443 2880 584 2940 exameta
609 2879 654 2937 est
661 2900 670 2952 ς
694 2870 819 2950 Phocis,
843 2877 965 2956 propter
991 2871 1138 2937 coloniam
1160 2872 1344 2953 Massiliam,
1369 2899 1442 2961 quae

328 2993 448 3060 Caesari
470 2993 636 3073 restiterat,
659 2991 816 3070 laudatu13
837 2989 933 3075 Libya
952 2997 1072 3055 auctore
1092 2998 1197 3056 senatu
1213 2991 1333 3056 iubetur
1351 2993 1443 3059 Iubae

328 3135 430 3200 parare
438 3141 447 3192 3
481 3112 652 3178 Ptolemaeo
692 3109 829 3174 diadema
868 3111 1046 3195 permissum
1085 3117 1149 3190 est,
1185 3132 1245 3194 quo
1284 3134 1358 3198 puer
1398 3115 1443 3179 ius

328 3233 411 3298 vitae
434 3254 468 3297 ac
491 3229 572 3297 necis
594 3230 683 3296 simul
707 3230 841 3316 accepit,
876 3252 936 3314 quo
959 3230 1040 3308 iure,
1074 3235 1176 3315 postea
1199 3229 1325 3312 ebusus,
1350 3234 1443 3298 sorori

330 3373 456 3438 regnum
498 3357 528 3416 at
568 3350 651 3416 nefas
685 3349 803 3414 Caesari
844 3349 968 3435 aripuit,
1005 3349 1147 3433 qnoniam
1183 3350 1240 3414 hoo
1280 3373 1349 3416 ense
1385 3352 1443 3417 sibi

331 3470 489 3537 commisso
516 3467 694 3555 Pompeium
722 3467 856 3533 occidero
878 3489 970 3532 ausus
992 3473 1047 3533 est.
1072 3466 1167 3549 Quasi
1189 3469 1290 3534 iustus
1309 3479 1442 3552 senatus,

331 3595 430 3676 patros
452 3589 616 3654 decernunt
639 3609 716 3672 quaa
740 3587 799 3652 sihi
823 3585 1008 3652 decernenda
1026 3609 1089 3652 esse
1101 3587 1258 3671 videntur,
1273 3613 1310 3655 ne
1325 3594 1443 3677 quando

331 3715 468 3775 senatum
489 3707 532 3774 rei
555 3706 691 3793 publicae
714 3713 806 3792 atque
829 3707 926 3772 officio
948 3706 1078 3772 defuisse
1100 3708 1165 3773 iure
1186 3709 1224 3774 iis
1240 3711 1443 3797 exprobretur.

330 3825 404 3894 Non
426 3827 567 3894 omuibus
591 3825 717 3892 victoria
739 3827 771 3891 in
794 3826 915 3913 Illyrico
938 3833 1088 3913 reportata
1110 3827 1243 3892 animum
1266 3830 1444 3898 reddiderat.

334 3943 452 4031 Appius
485 3943 627 4012 Claudius
662 3946 824 4033 proconsul
852 3947 884 4012 io
913 3945 1068 4033 provincie
1102 3948 1217 4014 Achaia
1250 3951 1381 4029 ,metuit
1413 3953 1443 4016 in

332 4061 476 4150 aucipites
506 4061 574 4129 balli
605 4069 731 4130 eventus
759 4063 977 4130 descendere”:
1002 4064 1152 4130 oraculum
1176 4066 1371 4152 Delphicum,
1395 4092 1446 4156 per

334 4181 446 4248 multos
477 4203 570 4248 annos
590 4179 773 4265 obductum,
797 4183 952 4250 consulare
975 4184 1004 4250 ei
1026 4185 1059 4250 iu
1081 4186 1182 4251 animo
1205 4194 1268 4264 est,
1291 4194 1325 4253 ut
1348 4212 1366 4254 a
1388 4189 1445 4253 diis
