3308 5138
722 432 763 496 95

184 641 357 727 scriptorem
391 664 454 707 esse
482 648 512 706 et
539 647 672 726 potitam,
707 660 805 724 neque
827 638 864 704 ab
887 645 1015 725 utroque
1036 638 1138 706 eadem
1159 639 1302 726 postulari

145 801 148 810 ,
184 760 229 824 ias
259 782 334 826 esse.
379 760 429 825 Ne
452 759 527 824 vitio
550 766 650 824 tamen
673 757 796 823 Lucano
820 762 970 840 vertatur,
995 758 1076 842 quod
1098 779 1210 825 errores
1232 781 1301 826 suos

184 877 271 943 nobis
304 878 431 964 probare
460 884 584 943 conatus
611 877 667 958 sit,
700 877 752 942 sed
774 876 876 964 potius
899 876 980 962 quod
1001 877 1153 944 interdum
1181 899 1302 964 prorsus

184 995 264 1060 nihil
306 996 366 1063 det.
411 996 494 1079 Quia
534 1004 633 1062 tamen
673 996 731 1083 ipsi
772 995 904 1082 poemati
945 1018 1007 1066 non
1040 997 1161 1078 nocuit,
1197 1002 1303 1082 poitae

185 1118 368 1204 ignoscatur.

229 1235 339 1301 Caesar
367 1236 487 1302 tandem
517 1235 551 1301 iu
580 1235 736 1301 Graeciam
764 1257 834 1300 cum
863 1240 948 1322 parte
971 1234 1124 1321 copiarum
1147 1233 1299 1321 pervenit:

186 1362 300 1443 partem
320 1378 391 1422 vero
418 1356 541 1422 alteram
565 1355 774 1421 deficientibus
797 1353 926 1421 naribus
953 1354 986 1418 in
1015 1352 1109 1418 Italia
1128 1353 1301 1437 reliquerat.

185 1475 398 1562 Exspectanti,
423 1497 522 1540 morae
545 1473 715 1561 impatienti
740 1475 774 1539 in
796 1473 897 1538 animo
926 1471 1020 1537 fuisse
1039 1477 1168 1556 constat,
1195 1470 1303 1558 cymba

186 1593 271 1658 Mare
295 1593 504 1658 Hadriaticum
521 1593 666 1660 traiicere.
680 1595 705 1679 1)
729 1591 912 1680 ansaripse
923 1597 1040 1658 narrat:
1066 1590 1159 1672 „Erat
1178 1613 1213 1656 eo
1228 1597 1302 1655 tem·

185 1709 403 1798 poreBrudisii
418 1711 568 1777 Antonius
570 1761 666 1781 .....
710 1712 807 1778 Multi
823 1713 885 1778 iam
909 1733 1026 1778 menses
1049 1716 1133 1776 erant
1155 1715 1186 1775 et
1207 1709 1305 1774 hiems

186 1830 452 1917 praecipitaverat,
483 1853 581 1916 neque
616 1832 780 1898 Brundisio
809 1854 902 1898 naves
924 1829 1115 1918 legionesque
1138 1829 1176 1894 ad
1198 1827 1302 1894 Caesa-

185 1971 248 2014 rem
267 1949 424 2016 veniebant
428 1997 521 2017 .....
556 1949 676 2032 Quibus
696 1950 786 2017 rebus
805 1957 970 2038 permotus,
988 1950 1095 2016 Caesar
1109 1945 1305 2013 Brundisium

186 2067 223 2134 ad
246 2091 317 2133 suos
340 2069 473 2136 severius
495 2069 626 2156 scripsit,
651 2070 733 2136 nacti
755 2070 897 2136 idoneum
911 2075 1035 2136 ventum
1056 2091 1094 2134 ne
1117 2065 1304 2132 occasionem

185 2188 347 2274 navigandi
359 2187 545 2255 dimitterent
553 2189 611 2275 ⁹)''.
634 2187 789 2256 Efficimus
799 2209 838 2256 ex
848 2189 944 2276 ipsius
955 2187 1089 2256 Caesaris
1100 2185 1199 2252 verbis
1210 2185 1304 2271 impa-

184 2307 321 2372 tientiam
333 2308 397 2373 eius
408 2314 499 2393 atque
511 2309 772 2396 exspectationem.
794 2308 1025 2376 Proiectoinsta
1037 2312 1212 2374 enumerat.
1230 2305 1303 2372 an-

188 2449 235 2492 sar
247 2426 329 2492 enim
351 2426 479 2492 Antonii
500 2427 701 2515 proditionem
712 2427 849 2494 timuisse
861 2427 981 2494 videtur
993 2429 1035 2514 8);
1059 2427 1117 2492 ὅδὲ
1134 2425 1168 2501 δὴ
1182 2433 1304 2508 Καῖσαρ

188 2545 389 2628 βραδύνοντος
407 2551 459 2612 τού
479 2547 651 2623 Ἀντωνίου,
670 2540 690 2628 ᾧ
710 2548 781 2621 τοὺς
793 2547 1020 2628 ὑπομείναντας
1038 2548 1123 2629 ἐντῷ
1140 2544 1305 2631 Βρεντεσίῳ

189 2665 315 2744 νομίσαν
344 2664 536 2732 ἐπετέτακτο
550 2717 557 2732 .
572 2715 602 2735 ..
632 2667 816 2735 ύτύττενσέ
845 2692 881 2733 τε
907 2670 995 2751 σφοῖς
1018 2667 1161 2748 μεσεύειν
1184 2691 1219 2732 τε
1250 2664 1303 2730 καὶ

189 2784 361 2868 ἐφεδρεύειν
395 2794 458 2859 τοῖς
489 2791 687 2868 πράγμασιν.
734 2789 777 2854 nt
806 2789 965 2876 Appiauus
985 2791 1011 2876 ⁴)
1044 2796 1075 2854 et
1101 2788 1161 2852 Dio
1185 2787 1306 2853 Cassius

188 2907 328 2985 tradunt,
351 2905 485 2972 Caesaris
505 2908 659 2994 inceptum
688 2909 786 2974 audax
809 2909 985 2976 inchoatum
1008 2909 1144 2994 quidem,
1168 2907 1221 2972 sed
1244 2929 1303 2972 non

187 3027 365 3112 perfectum.
418 3025 588 3092 Verborum
627 3028 850 3094 notissimorum
893 3029 1023 3112 ρύαρρῶν
1065 3027 1102 3094 ta
1138 3024 1211 3107 τρὸο
1248 3025 1300 3089 τὸν

182 3289 451 3303 -u-

219 3462 239 3532 ¹)
257 3461 321 3517 Non
330 3457 487 3528 mirandum,
501 3459 529 3516 in
542 3459 743 3516 Commentariis
760 3459 810 3516 hae
828 3458 862 3515 de
878 3476 906 3515 re
917 3461 973 3516 tam
989 3458 1074 3518 altum
1089 3461 1225 3519 silentium
1239 3479 1310 3531 esse,

184 3551 215 3604 ut
241 3567 275 3604 ne
296 3547 377 3605 verbo
399 3547 503 3621 quidem
529 3545 636 3603 audacis
662 3547 761 3620 incepti
788 3545 888 3603 mentio
915 3547 970 3606 fiat.
1006 3551 1061 3620 Ego
1084 3567 1147 3606 varo
1173 3549 1311 3620 existimo,

185 3633 314 3690 eiusmodi
336 3632 409 3690 locos
431 3631 566 3706 aptissime
588 3632 727 3690 convenire
750 3631 868 3688 historiis
890 3632 990 3690 omatis
1015 3637 1094 3707 atque
1118 3633 1273 3704 elaboratis,
1295 3654 1312 3692 a

185 3719 437 3778 Commentariorum
464 3738 525 3777 vero
551 3718 683 3776 nudorum
700 3720 804 3787 natura,
828 3737 934 3792 prorsus
962 3719 1106 3778 abhorrere.
1141 3721 1236 3795 Neque
1261 3722 1312 3780 boc

183 3806 447 3883 praetermittendum
473 3809 527 3875 est,
554 3809 665 3864 naturae
691 3807 898 3862 consentaneum
925 3823 995 3874 esse,
1022 3805 1046 3863 si
1072 3806 1101 3863 in
1119 3807 1238 3876 Caesare,
1264 3809 1311 3881 qui

185 3895 255 3951 omni
272 3892 381 3965 ingenio
402 3893 506 3966 pottico
532 3896 560 3948 et
577 3890 740 3965 imaginandi
756 3891 785 3948 ri
808 3891 928 3963 carebat,
951 3891 1020 3950 nihil
1036 3893 1185 3964 invenitur,
1204 3893 1275 3967 quod
1295 3913 1312 3952 a

184 3979 284 4036 sincero
305 3981 333 4034 et
350 3977 419 4034 sicco
437 3976 567 4034 scribendi
587 3994 682 4050 genere
700 3975 818 4035 abhoret.

218 4067 238 4136 ²)
257 4065 331 4122 Caes.
350 4066 382 4122 B.
400 4064 430 4122 Ο.
448 4064 495 4120 ΙΙΙ
515 4065 562 4132 24,
581 4066 624 4122 25.

219 4155 240 4225 ⁵)
259 4155 332 4211 Cass.
350 4153 402 4208 Dio
420 4151 487 4208 XLI
505 4153 548 4208 46.

218 4239 449 4314 &RQHW
