3308 5138
718 397 780 458 143

188 605 291 669 diosus
321 627 380 668 non
410 603 583 668 verisimilia
608 625 660 686 pro
687 602 766 666 veris
796 600 919 687 probare
950 609 1091 683 conatus,
1122 603 1189 689 plns
1212 623 1307 685 aequo

187 725 311 790 lectores
333 723 514 808 suspiciosos
543 721 633 786 redit.
677 719 802 806 Propria
833 719 921 806 culpa
952 721 1071 802 effecit,
1106 728 1141 786 ut
1170 721 1225 785 heo
1255 719 1309 786 eal·

187 849 246 929 tem
279 843 311 908 in
343 865 373 907 re
404 841 565 908 severiores
588 862 678 925 qoam
701 861 755 926 par
781 837 821 904 sit
855 839 972 906 iudices
994 834 1049 906 n'os
1071 839 1275 927 praebeamus.

616 1668 718 1741 [siber
743 1669 894 1742 deumne.

229 1916 297 1982 lam
329 1918 367 1983 ad
393 1919 484 1984 finem
513 1913 610 2004 operis
633 1917 818 1998 accedimus,
843 1917 880 1983 ad
902 1916 1013 1984 librum
1036 1917 1192 1998 ultimum,
1217 1938 1305 2003 quem

186 2042 295 2122 pottae
318 2043 414 2104 morte
436 2041 625 2124 praematura
647 2037 769 2123 abrepto
791 2037 931 2124 perficere
953 2060 1014 2102 non
1036 2037 1135 2104 licuit.

229 2155 374 2222 Lucanus
408 2157 465 2222 hoo
493 2156 571 2222 libro
602 2155 757 2222 Caesarem
780 2179 827 2222 res
850 2157 1050 2244 Aegyptiacae
1074 2157 1310 2226 constituentem

187 2274 354 2344 describere
384 2275 497 2354 voluit,
526 2275 608 2361 quod
642 2275 829 2362 propositum
859 2282 1043 2342 autemnon
1067 2282 1310 2358 exsecutusesr,

186 2397 261 2480 quia
297 2394 396 2460 medio
440 2395 473 2460 in
510 2418 598 2482 opere
643 2395 688 2460 ira
731 2395 862 2462 Neronis
904 2418 1063 2482 oppressus
1103 2395 1165 2460 lato
1205 2419 1309 2464 succu-
1357 2444 1359 2447 -

186 2513 264 2582 buit.
322 2515 434 2580 Rerum
464 2522 564 2580 tamen
594 2515 691 2602 primo
725 2514 858 2582 adventu
887 2514 1020 2581 Caesaris
1053 2521 1207 2602 gestarum
1229 2539 1311 2583 men·

187 2634 301 2700 tionem
330 2634 414 2701 facit.
460 2634 578 2700 Caesari
610 2657 716 2700 navem
752 2658 870 2722 egresso
903 2635 962 2700 hoc
991 2635 1055 2700 sine
1086 2633 1147 2699 ullo
1176 2636 1311 2721 periculo

187 2753 303 2820 factum
326 2777 387 2819 non
410 2777 473 2820 esse
496 2760 607 2820 narret.
635 2753 720 2820 Inter
736 2755 883 2842 populum
904 2755 983 2820 enim
1003 2753 1118 2820 dubiae.
1133 2753 1203 2820 fidei
1219 2755 1311 2822 intre·

187 2875 258 2960 pide
278 2874 389 2938 versari
406 2873 551 2954 debebat,
570 2897 665 2960 quum
684 2895 801 2960 semper
820 2873 1038 2960 periclitaretur
1053 2895 1091 2937 ne
1102 2873 1192 2938 rebus
1204 2873 1311 2939 alienis

188 3015 218 3058 se
241 2993 461 3060 immiscentem
486 2993 595 3080 vulgus
624 3016 640 3058 a
668 2992 850 3079 primoribus
880 2991 1060 3078 instigatum
1088 2993 1200 3079 perfide
1231 2995 1309 3059 occi·

190 3111 290 3191 deret,
333 3111 444 3198 quippe
479 3113 533 3197 qui
567 3113 598 3176 in
633 3111 780 3198 Pompeio
818 3111 1026 3177 interficiendo
1061 3112 1177 3177 cruenti
1219 3113 1311 3178 animi

190 3231 358 3318 exemplum
405 3231 566 3298 dedissent.
623 3232 683 3298 Sed
705 3232 812 3296 Manes
842 3231 945 3318 generi
973 3231 1091 3296 Caesari
1120 3233 1310 3318 profuerunt.

234 3351 399 3436 Postquam
440 3351 536 3416 victor
575 3350 786 3416 Alexandriam
830 3350 981 3436 ingressus
1020 3351 1126 3438 populi
1171 3353 1312 3419 audacter

191 3469 223 3534 in
258 3475 452 3556 conspectum
487 3469 587 3550 venit,
622 3470 730 3554 suique
759 3470 875 3556 copiam
910 3469 994 3534 dedit
1028 3471 1143 3536 celante
1172 3455 1311 3538 timorem

192 3589 294 3670 vultu,
318 3588 515 3676 cupiditatem
543 3589 704 3654 Alexandri
727 3589 834 3675 Magni
857 3588 1047 3675 sepolchrum
1070 3589 1188 3654 visendi
1216 3590 1313 3678 exple·
1345 3667 1347 3671 ⁸

192 3708 254 3789 vit,
289 3706 342 3772 ubi
365 3707 437 3772 felix
457 3707 583 3794 praedo,
616 3729 677 3792 quo
704 3707 825 3773 nomine
854 3730 923 3772 eum
952 3716 1045 3794 poeta
1066 3708 1210 3791 honorat,
1245 3713 1312 3798 qui-

193 3827 267 3891 escit
295 3847 331 3891 ex
354 3826 470 3912 ingenti
492 3826 608 3907 labore,
633 3848 694 3911 quo
724 3827 885 3892 maximam
917 3826 998 3894 orbis
1028 3833 1175 3898 terrarum
1198 3838 1312 3920 partem

194 3945 253 4010 sibi
274 3945 442 4031 subegerat.

238 4064 303 4130 Rex
336 4064 449 4130 interea
482 4063 619 4152 partibus
648 4064 789 4132 Manium
817 4066 962 4154 susceptis
995 4067 1102 4156 populi
1130 4067 1207 4136 iram
1229 4071 1314 4140 seda·

195 4189 286 4250 verat.
320 4182 477 4270 Cleopatra
493 4191 595 4250 autem
618 4185 736 4272 regina,
760 4185 857 4252 torma
879 4186 1052 4274 superbiens
1083 4189 1197 4276 cuique
1224 4191 1314 4278 pauci
