3296 5132
764 428 801 492 51

221 634 399 698 interfectus
432 655 495 696 csse
529 637 686 712 narretur,
721 640 751 697 et
781 633 919 720 Appiano
953 640 1077 700 auctore
1110 657 1128 700 a
1156 640 1241 722 patre
1271 633 1337 722 ipso

220 754 337 818 occisus
359 775 420 817 esse
443 752 575 833 dicatur,
605 752 767 838 aequitatis
790 753 888 838 gratia
911 761 1010 820 tamen
1033 753 1123 820 nobis
1145 753 1227 820 d'lori
1249 755 1334 820 locus

220 873 499 938 commemorandus
524 881 586 953 est,
603 896 642 938 ne
659 871 867 938 crudelissimo
886 872 1029 938 historiae
1048 871 1228 938 enarrandae
1247 873 1336 938 modo

219 991 361 1056 Lucanus
373 1015 489 1079 semper
501 1015 575 1057 usus
587 1015 650 1058 esse
662 994 810 1059 videatur.
831 991 939 1058 Florus
951 1015 1022 1058 oum
1033 992 1158 1059 Lucano
1170 992 1336 1072 consentit,

220 1111 275 1176 nbi
304 1113 378 1177 dioit
399 1116 425 1198 1)
456 1113 576 1194 „Crassi
606 1121 690 1199 pater
723 1121 754 1178 et
784 1113 866 1178 filius
901 1114 932 1178 in
963 1123 1073 1179 mutuo
1106 1114 1180 1180 alter
1213 1111 1337 1178 alterius

220 1240 347 1318 aspectu
370 1229 595 1300 trucidantur’'.

265 1351 330 1416 iam
360 1352 393 1415 in
420 1351 477 1415 hac
504 1358 603 1438 parte,
634 1374 726 1436 quam
756 1353 968 1434 tractavimus,
1003 1375 1020 1418 o
1054 1351 1166 1439 quibus
1199 1349 1335 1416 fontibus

218 1471 362 1536 Lucanus
399 1471 551 1552 hauserit,
590 1471 757 1536 videamus
804 1473 876 1540 Liv.
908 1474 993 1561 upra.
1028 1471 1154 1538 OVIIII
1181 1471 1258 1536 nihil
1281 1492 1336 1533 nos

219 1592 334 1656 edocet.
375 1591 416 1656 ut
446 1591 554 1656 Florus
589 1598 619 1654 et
652 1589 779 1656 Orosius
802 1591 907 1657 eodem
930 1592 1020 1658 modo
1045 1596 1184 1670 narrant,
1215 1610 1335 1654 omnem

219 1719 359 1776 senatum
400 1715 431 1774 et
467 1709 647 1796 Pompeium
688 1711 873 1798 trepidantes
906 1712 1003 1776 Roma
1037 1710 1166 1797 fugisse,
1201 1708 1336 1773 Italiam-

220 1853 280 1914 que
319 1829 493 1914 reliquisse,
533 1832 737 1896 crescentibus
783 1830 918 1898 Caesaris
957 1831 1085 1898 viribus.
1148 1831 1264 1896 Mirum
1302 1828 1335 1891 in

220 1940 345 2014 modum
378 1949 459 2036 apud
492 1950 617 2015 Florum
651 1950 743 2016 verba
772 1951 906 2016 eiusdem
937 1951 1165 2037 significationis
1190 1951 1337 2036 leguntur

220 2092 299 2155 quae
322 2070 403 2156 apud
426 2071 600 2136 Lucanum:
625 2077 800 2157 ,speractnm
822 2078 885 2136 erat
903 2069 1016 2136 belluni
1036 2071 1101 2136 sine
1120 2070 1285 2158 sanguine,
1309 2067 1335 2131 si

218 2186 399 2274 Pompeium
421 2187 530 2258 Caesar
553 2190 711 2255 Brundisii
733 2191 900 2277 opprimere
922 2189 1104 2278 potuisset''.

264 2305 325 2372 Ubi
351 2309 384 2373 in
414 2309 472 2374 hoc
500 2309 576 2375 libro
604 2311 736 2377 secundo
767 2309 910 2377 Lucanus
934 2311 970 2376 de
993 2311 1085 2376 Marii
1107 2310 1233 2375 historia
1255 2309 1336 2395 agit,

219 2427 373 2494 interdum
392 2435 422 2493 et
439 2427 585 2510 Livium,
608 2436 639 2495 et
655 2431 831 2517 Appianum
848 2439 878 2496 et
894 2437 1013 2518 po'e'tam
1025 2437 1161 2496 nostrum
1174 2449 1337 2516 congruere

218 2549 377 2614 videmus:
409 2548 514 2614 eodem
549 2549 639 2614 modo
673 2550 755 2614 enim
789 2557 911 2616 narrant
935 2573 1056 2616 servum
1079 2551 1234 2616 maiestate
1258 2547 1335 2612 tanti

219 2669 278 2733 viri
301 2667 508 2754 perterritum,
543 2669 708 2751 recessisse,
734 2691 833 2754 neque
856 2671 977 2736 caedem
999 2676 1168 2758 perpetrare
1190 2667 1338 2756 potuisse.

217 2789 291 2852 Non
319 2795 421 2854 autem
454 2789 557 2854 eadem
582 2790 715 2871 ratione,
740 2800 774 2856 ut
796 2793 856 2857 iam
880 2791 1027 2872 vidimus,
1052 2790 1234 2856 donatione
1257 2788 1336 2853 servi

218 2915 410 2996 congruunt:
434 2909 559 2974 fortasse
582 2910 664 2996 apud
686 2910 810 2976 Livium
834 2911 959 2998 legerat,
983 2932 1104 2976 servum
1119 2909 1168 2974 vel
1179 2907 1337 2974 Cimbrum

218 3029 265 3093 vel
290 3027 413 3094 Gallum
436 3028 569 3097 Marium
592 3052 764 3115 aggressum
787 3053 865 3111 esse,
890 3053 906 3095 e
930 3029 1043 3116 quibus
1066 3027 1195 3115 priorem
1217 3027 1321 3112 elegit.

261 3148 374 3234 Neque
404 3171 583 3214 consensum
606 3149 875 3214 animadvertimus
898 3149 978 3214 inter
993 3148 1119 3214 Florum
1141 3153 1173 3212 et
1194 3146 1337 3227 Livium,

217 3269 396 3355 Appianum
426 3274 455 3334 et
482 3269 656 3348 Lucanum,
688 3268 743 3332 ubi
766 3275 893 3334 mortem
915 3267 1046 3333 duorum
1069 3267 1248 3333 Crassorum
1271 3288 1338 3330 nar·
1366 3335 1371 3344 ,

216 3395 297 3455 rant.
329 3389 489 3454 Lucanum
512 3411 584 3454 oum
606 3388 693 3454 Floro
716 3387 883 3454 consentire
905 3389 1061 3469 videmus,
1085 3387 1210 3452 Livium
1233 3391 1337 3451 autem

217 3508 373 3595 scripsisse
385 3513 410 3596 2)
420 3560 429 3590 ,
453 3493 571 3596 patrem
594 3531 650 3574 suo
673 3507 788 3595 gladio,
812 3507 945 3594 nequid
967 3507 1129 3596 indignum
1149 3528 1205 3572 sua
1225 3505 1338 3571 virtute

216 3635 384 3714 pateretur,
408 3653 439 3695 se
461 3629 660 3710 transfixisse,
685 3629 770 3716 quod
793 3628 919 3715 quidem
940 3628 1045 3694 Cicero
1070 3629 1196 3692 affirmat
1207 3629 1245 3712 ³).
1276 3631 1337 3714 Ap-

139 3841 141 3846 ·
216 3745 327 3832 pianus
349 3749 454 3832 refert,
479 3749 592 3830 filium,
617 3773 654 3815 ne
676 3749 709 3815 in
728 3753 922 3836 postestatem
939 3747 1187 3835 persequentium
1205 3746 1335 3829 veniret,

225 3935 497 3948 ——n—-n-n——u-

252 4048 271 4117 ¹)
292 4045 322 4102 C.
343 4044 396 4102 ΙΙΙ.
417 4045 458 4102 21.
478 4046 489 4118 t
510 4047 551 4102 14.

248 4133 269 4203 ¹²)
288 4131 360 4204 Epit.
379 4133 423 4188 80.

247 4219 268 4292 ⁵)
287 4217 341 4275 cic.
360 4217 393 4274 de
410 4217 485 4274 Orat.
506 4216 561 4274 III.
581 4219 606 4276 3.
