3308 5138
752 413 814 476 119

172 675 175 680 .
219 627 281 686 tato
314 645 404 688 usum
433 643 493 686 non
519 643 582 686 esse
601 621 668 686 ideo
693 641 815 698 censeo,
841 620 913 705 quia
935 603 1016 706 apud
1032 626 1151 707 poetam
1170 644 1231 688 non
1250 624 1332 690 inre·

219 743 345 809 niuntur
366 765 400 808 ea
428 763 504 827 quae
527 738 694 827 Pollionem
717 737 876 803 tradidisse
898 738 1026 806 scimus:
1053 739 1158 804 castris
1180 741 1277 828 captis
1299 742 1332 808 in

217 860 328 926 auxilia
361 860 417 927 sub
447 859 590 925 ‘Caesaris
630 857 725 922 oculis
763 857 894 923 maximo
934 858 1035 925 furore
1072 860 1222 926 saevitum
1256 884 1333 929 esse.

217 981 304 1062 Quae
323 981 349 1044 si
361 981 503 1046 Lucanus
522 977 601 1064 apud
619 985 769 1043 auctorem
790 998 878 1042 suurn
897 976 1034 1064 legisset,
1046 978 1153 1064 procul
1165 978 1259 1044 dubio
1271 1002 1332 1046 me·

216 1100 329 1165 moriae
360 1099 484 1186 prodere
510 1119 571 1162 non
594 1095 789 1182 neglexisset,
812 1117 908 1180 quum
932 1102 1027 1162 castra
1049 1104 1219 1184 expugnata
1241 1105 1331 1184 atque
1428 1125 1431 1134 ·

216 1221 334 1307 direpta
360 1218 556 1285 describeret:
581 1216 754 1283 clementiae
777 1219 857 1282 enim
880 1240 950 1304 erga
973 1217 1146 1298 dediticios,
1171 1218 1332 1304 quainter

216 1359 322 1404 omnes
357 1343 474 1404 constat
507 1337 662 1403 Caesarem
694 1357 783 1400 usum
814 1358 893 1418 esse,
922 1337 1035 1402 mentio
1064 1336 1144 1424 apud
1173 1336 1331 1404 Lucanum

214 1480 278 1523 non
299 1459 379 1524 facta
400 1463 456 1522 est.
480 1457 637 1544 Appianas
660 1455 753 1521 huius
775 1456 817 1521 rei
839 1455 926 1522 testis
943 1463 989 1522 est
1000 1457 1043 1542 ¹):
1068 1456 1081 1519 ὁ
1104 1465 1225 1538 Καῖσαρ
1241 1457 1331 1537 scalpo·

214 1601 276 1648 κας
300 1578 330 1650 ἐς
350 1577 408 1673 τοῖο
429 1575 535 1654 τῶξειο
558 1579 726 1656 πανταχοῦ
745 1574 973 1657 περιέπεμπεν,
997 1577 1022 1640 οἱ
1037 1584 1101 1650 τοῖς
1123 1581 1241 1642 νικῶσιν
1264 1576 1330 1642 ἕαὲ-

214 1712 303 1762 λειοον
327 1697 505 1778 ἀψαυστεῖν
529 1702 586 1761 τῶν
611 1696 771 1774 ὁμοεθνῶν,
797 1695 847 1760 ἐπὶ
871 1695 902 1760 δὲ
925 1695 994 1768 τοὺς
1013 1694 1204 1777 συμμάχους
1221 1695 1330 1777 μόνους

213 1823 337 1896 χωρεῖν.

259 1935 433 2001 Domitium
454 1933 670 2002 moribundum
690 1934 875 2021 colloquium
895 1935 957 2002 odii
974 1936 1099 2023 plenum
1118 1958 1187 2002 cum
1206 1935 1330 2002 Caesare

212 2055 368 2134 habuisse,
403 2078 420 2120 a
449 2059 538 2141 polita
568 2056 674 2120 fiotum
704 2060 759 2121 est.
805 2053 912 2120 Caesar
947 2055 1025 2120 enim
1056 2054 1181 2120 tradidit
1203 2058 1228 2141 2)
1260 2078 1330 2120 eum

212 2198 251 2240 ex
297 2174 403 2240 castris
443 2175 477 2239 in
518 2180 647 2239 montem
685 2172 883 2260 refugientem
917 2173 1032 2239 viribus
1059 2173 1237 2240 lassitudine
1252 2175 1330 2245 defi·

213 2293 364 2358 cientibus
397 2293 435 2359 ab
471 2291 626 2378 equitibus
665 2293 857 2358 interfectum
886 2315 958 2362 esse.
1014 2293 1119 2359 Cicero
1152 2317 1208 2358 nos
1242 2293 1331 2360 docet

210 2413 383 2478 Antonium
420 2413 549 2480 Lucium
588 2412 759 2478 Domitium
795 2412 1012 2494 ,clarissimum
1045 2419 1076 2478 et
1108 2411 1329 2516 nobilissimum

211 2533 337 2600 virum'’
361 2534 504 2599 occidisse
527 2535 564 2619 ⁸).

258 2654 344 2720 Inter
358 2676 461 2720 omnes
473 2653 667 2719 historiarum
679 2655 839 2740 scriptores
849 2653 1027 2741 Pompeium
1039 2655 1169 2720 maxima
1180 2655 1330 2722 celeritate

211 2784 306 2860 atque
321 2795 432 2861 pavore
451 2773 610 2838 incitatum
629 2776 661 2837 in
681 2773 784 2860 fugam
803 2796 834 2840 se
858 2773 973 2840 dedisse
989 2773 1150 2839 unanimus
1167 2796 1328 2842 consensus

212 2899 270 2960 est.
297 2892 404 2960 Caesar
426 2893 499 2958 haec
521 2893 666 2978 babet⁴):
692 2893 876 2979 „Pompeius
898 2915 929 2958 sc
952 2893 1110 2959 excestria
1130 2893 1217 2958 eiecit
1236 2894 1328 2981 proti·

212 3035 331 3098 nosque
349 3035 425 3096 equo
444 3013 537 3078 citato
557 3012 708 3078 Larissam
720 3009 908 3078 contendit'’.
931 3012 992 3077 Dio
1004 3011 1125 3078 Cassius
1138 3013 1183 3096 ⁵):
1199 3011 1231 3092 „i
1244 3021 1329 3090 Πομ-

213 3131 301 3207 πήιος
333 3131 457 3198 παντων
489 3133 549 3196 τῶν
583 3132 692 3196 ἑαυτοῦ
726 3128 924 3212 πραγμάτων
957 3137 1156 3212 παραχρῆμα
1181 3131 1327 3209 setosa,

214 3253 266 3318 καὶ
294 3251 393 3318 οὐκέτ’
416 3252 487 3318 οὔτε
510 3258 566 3326 τοῖς
590 3249 667 3324 ἰδίας
694 3253 805 3334 αἱρετῆς
812 3303 822 3332 ,
846 3249 915 3316 οὔτε
940 3254 993 3316 ποῶ
1017 3251 1076 3314 τῶν
1099 3256 1211 3316 λοιπῶν
1234 3275 1327 3331 στρα-

214 3378 327 3437 τιωτῶν
353 3372 505 3447 πλήθους.
520 3421 528 3438 .
543 3421 572 3440 ..
596 3371 748 3452 λογισμόν
770 3396 841 3437 τινα
865 3369 1062 3448 ε’ποιήταπο”.
1087 3371 1270 3437 Plutarchus
1283 3373 1325 3457 ⁶):

213 3491 444 3576 ,Transpadana
468 3493 499 3558 δὲ
516 3492 649 3568 τούτων,
667 3495 705 3566 ὡς
733 3493 858 3560 κατεῖδε
883 3492 935 3559 τὸν
963 3491 1109 3574 αονῖοοτον
1132 3491 1145 3556 ὁ
1166 3491 1325 3570 Πομπήιος

244 3795 265 3864 ¹)
284 3792 316 3849 B.
334 3791 364 3848 G.
382 3790 422 3848 H.
441 3790 484 3845 80.

243 3881 265 3952 ²)
283 3880 315 3936 B.
334 3876 363 3933 O.
381 3877 437 3933 ΠΙ.
456 3876 498 3933 99.

244 3968 264 4032 ³)
282 3964 398 4038 Philipp.
416 3963 456 4020 II.
475 3964 518 4021 99.
536 3964 579 4024 71.

243 4053 264 4124 ⁴)
283 4053 315 4108 B.
334 4052 363 4108 Ο.
381 4049 437 4107 ΠΙ.
455 4051 498 4108 96.

244 4141 264 4208 ⁵)
284 4137 373 4196 XLII.
392 4139 417 4192 1.

244 4225 265 4302 ⁶)
284 4223 377 4299 Pomp.
396 4225 439 4284 79.
