3308 5138
881 407 923 472 86

341 609 463 678 Caesari
493 611 566 678 satis
593 611 665 694 erit,
695 611 721 678 ei
751 613 846 678 Roma
871 613 1049 701 siparum?
1074 615 1220 684 Acerbius
1243 619 1334 686 etiam
1357 619 1459 686 ierunt

341 730 400 798 sibi
433 753 542 798 acrum
575 731 660 798 bellis
693 733 928 799 consumendum
963 727 1047 816 esse}
1078 757 1174 820 quum
1209 736 1306 802 virtus
1340 737 1458 825 ingrato

340 850 514 917 meritorum
537 851 639 917 iudice
660 851 755 938 perit:

495 967 576 1037 Nam
601 968 746 1056 quicquid
767 976 894 1057 gerunt,
916 971 1039 1038 fortuna
1061 977 1195 1041 vocatur.

494 1090 561 1156 Nos
578 1089 674 1156 satum
695 1089 770 1156 sciat
787 1112 850 1156 asae
870 1113 969 1158 suum.
1003 1089 1091 1158 Licet
1110 1113 1198 1158 omna
1217 1093 1340 1159 deorum
1378 1089 1382 1095 ’

496 1208 685 1296 Obsequium
707 1231 822 1296 speres:
845 1210 922 1276 irato
944 1209 1057 1292 milite,
1081 1210 1206 1292 Caesar,

495 1327 561 1394 Pax
582 1328 648 1394 erit.
695 1329 783 1415 (293)

385 1445 482 1529 Quem
510 1448 619 1514 ducem
641 1445 788 1514 eiusmodi
811 1447 944 1513 militum
969 1447 1098 1516 delectio
1121 1454 1231 1516 terrere
1252 1472 1314 1516 non
1335 1449 1457 1537 potuit?

341 1565 414 1632 Non
436 1571 536 1633 autem
558 1566 731 1644 Caesarem,
754 1567 808 1653 qui
829 1567 964 1633 tumultu
984 1590 1046 1633 non
1070 1568 1129 1634 iam
1156 1567 1258 1634 sedato
1285 1569 1318 1634 iu
1346 1569 1458 1634 medios

344 1686 455 1752 milites
484 1709 515 1752 se
546 1685 670 1753 confert.
717 1686 783 1752 sut
816 1685 985 1773 intrepidus
1014 1687 1102 1752 vultu
1141 1693 1171 1752 et
1202 1687 1313 1754 meruit
1342 1687 1457 1769 timeri,

341 1805 406 1893 ipse
448 1827 516 1871 varo
552 1828 614 1872 non
648 1805 758 1871 timens
792 1804 891 1870 verbis
925 1805 1088 1872 audacibus
1123 1806 1235 1872 milites
1269 1805 1459 1874 vehementer

341 1924 492 2012 increpat:
522 1923 606 1991 iubet
635 1947 686 1990 eos
708 1925 829 2012 fugere,
853 1925 995 2011 quoniam
1018 1924 1126 1991 Caesar
1148 1925 1220 1992 alios
1244 1922 1356 1992 milites
1379 1925 1456 1991 inve·

342 2043 421 2110 niet:
442 2049 507 2124 ,tot
530 2044 633 2110 reddet
655 2045 791 2111 Fortuna
815 2045 910 2126 viros,
935 2050 1010 2129 quot
1029 2045 1087 2110 tela
1105 2045 1289 2112 vacabunt.’'
1336 2048 1386 2110 An
1405 2045 1459 2110 mi·

341 2164 409 2230 lites
429 2172 581 2230 momenta
601 2165 662 2230 ulla
681 2164 738 2229 sibi
754 2163 872 2230 dedisse
884 2169 1009 2251 putent,
1022 2169 1223 2251 comtemptus
1236 2163 1341 2251 plenus
1358 2170 1458 2251 rogat,

343 2282 453 2369 quibus
473 2284 627 2349 cumulum
647 2283 891 2370 comtemptiouis
909 2281 1011 2364 addit,
1031 2304 1125 2368 quum
1143 2305 1193 2348 eos
1210 2282 1332 2348 nomine
1348 2283 1458 2348 usitato

343 2400 583 2469 commilitonum
610 2425 671 2468 non
704 2402 893 2488 alloquatur,
939 2400 1117 2482 „Quinta”
1153 2424 1223 2467 vero
1256 2408 1355 2469 vocet.
1401 2402 1459 2468 His

342 2521 416 2609 ipsis
451 2521 551 2587 verbis
585 2519 716 2600 milites,
748 2520 859 2585 honore
894 2519 1016 2584 militari
1047 2520 1178 2602 violato,
1207 2543 1238 2586 se
1261 2521 1348 2586 ducis
1371 2521 1459 2586 existi

342 2640 505 2706 mationem
543 2638 708 2726 perdidisse
740 2637 892 2703 sentiunt:
934 2638 1052 2704 veniam
1093 2644 1271 2724 precantur,
1308 2661 1369 2723 qua
1407 2639 1460 2706 im·

344 2765 460 2848 patrata
483 2758 514 2824 in
538 2759 664 2846 gratiam
688 2782 705 2824 a
728 2758 853 2824 Caesare
876 2757 1062 2844 recipiuntur
1085 2757 1258 2824 auctoribus
1281 2757 1460 2826 defectionis

343 2878 468 2969 punitis.

261 3057 264 3066 ,
386 2999 493 3067 Caesar
522 2997 635 3063 milites
662 2995 859 3062 Brundisium
887 3001 987 3082 petere
1009 2994 1093 3061 iubet
1115 2995 1194 3062 intra
1217 2996 1321 3062 decem
1344 2997 1460 3064 dierum

344 3118 475 3206 spatium
505 3121 687 3202 cunctasque
714 3137 804 3182 naves
838 3115 875 3180 ad
903 3136 984 3179 oram
1009 3114 1175 3180 Dalmatiae
1198 3116 1368 3201 oppositam
1392 3140 1460 3183 con·

345 3237 457 3304 venire.
491 3235 561 3322 Ipse
583 3239 682 3300 autem
705 3233 788 3300 nullo
811 3233 945 3300 exercitu
970 3233 1134 3299 comitante
1144 3233 1272 3300 Romam
1288 3237 1461 3318 contendit,

346 3356 427 3438 ,iam
450 3353 568 3419 doctam
592 3357 679 3438 togae
702 3349 844 3417 sarrire’'.
890 3350 1027 3416 Dictator
1049 3353 1085 3416 fit
1110 3353 1222 3438 populo
1241 3354 1378 3440 precanti
1401 3378 1462 3421 mo·

345 3497 408 3542 rem
436 3495 551 3563 gerens.
598 3473 746 3558 Suffragia
774 3491 843 3536 vero
870 3469 931 3533 ritu
961 3491 1022 3534 nou
1049 3470 1210 3552 habentur,
1237 3472 1274 3538 da
1297 3473 1379 3538 coelo
1403 3497 1461 3539 nou

347 3601 497 3661 servatur:
539 3613 609 3658 nam
647 3596 733 3656 tonat
767 3611 878 3676 augure
912 3588 1002 3654 surdo
1036 3594 1067 3653 et
1100 3588 1195 3656 laetae
1229 3613 1297 3658 aves
1324 3592 1463 3659 iurantur

346 3711 464 3780 bubone
490 3711 621 3778 sinistro.

395 3831 514 3914 Quibus
532 3829 677 3918 peractis,
697 3833 843 3915 potestate
862 3827 974 3892 Rornae
994 3827 1167 3892 confirmatu
1185 3827 1382 3894 Brundisium
1399 3852 1463 3894 ver·

351 3973 403 4016 sus
426 3949 537 4015 milites
560 3955 681 4014 secutus
703 3957 758 4012 est.
804 3945 924 4010 Invenit
947 3945 1041 4009 undas
1063 3947 1160 4010 ventis
1181 3947 1367 4013 brumalibus
1383 3951 1463 4014 clau·

353 4093 400 4135 sas
429 4075 459 4134 et
484 4073 592 4133 nuutos
618 4063 743 4130 hiberno
766 4069 899 4149 temporo
921 4061 1053 4149 pavidos.
1098 4061 1245 4153 Tempora
1267 4067 1339 4132 belli
1364 4076 1462 4134 tamen

352 4187 447 4256 exisse
475 4185 506 4252 iu
530 4205 636 4272 segnes
659 4203 756 4249 moras
779 4181 806 4247 ei
830 4189 917 4270 turpa
940 4181 1054 4264 visum,
1078 4203 1168 4268 quare
1184 4185 1251 4252 vela
1273 4184 1344 4255 dare
1367 4187 1463 4256 decer.
