3296 5132
724 401 759 467 71

609 641 711 712 Liber
734 649 885 738 quartur.

223 855 314 924 Liber
336 864 460 944 quartus
482 859 515 923 in
537 856 717 945 Hispaniam
739 879 795 923 nos
816 859 974 942 transfert,
1010 861 1062 927 ubi
1091 860 1199 928 Caesar
1218 860 1298 926 obsi·

182 978 271 1044 dione
302 978 454 1043 Massiliae
490 977 640 1044 Trebonio
680 977 785 1043 relicta
814 979 922 1064 legatis
957 979 1083 1046 Afranio
1115 987 1145 1046 et
1177 980 1298 1045 Petreio

181 1097 292 1163 bellum
321 1099 468 1164 inferebat
491 1121 553 1163 non
576 1097 666 1164 caede
689 1097 784 1162 multa
808 1103 983 1178 cruentum,
1006 1099 1077 1180 sed,
1102 1105 1136 1166 ut
1158 1099 1299 1165 Lucanus

180 1221 315 1306 loquitur
344 1218 493 1298 „maxima
515 1217 571 1282 fati
594 1216 723 1282 ducibus
746 1224 896 1282 momenta
919 1216 1093 1284 daturum”.

225 1337 369 1404 Afranius
396 1343 425 1402 et
445 1337 581 1401 Petreius
604 1357 665 1400 non
689 1341 806 1401 tanturn
829 1336 921 1422 legati
940 1343 1095 1422 praeerant
1107 1337 1201 1424 copiis
1211 1336 1300 1403 Pom·

180 1457 309 1544 peianis,
344 1457 396 1522 sed
429 1457 532 1543 potius
559 1455 703 1521 Romanis
725 1455 883 1541 Iberisque
904 1456 1092 1538 coniunctis,
1115 1479 1186 1523 nam
1210 1458 1300 1523 etiam

181 1576 323 1642 Celtiberi
350 1575 551 1661 Vettonesque
574 1573 629 1640 sub
652 1597 755 1640 eorum
781 1574 907 1662 imperio
934 1582 1027 1642 arant.

223 1695 282 1760 Res
315 1695 352 1760 ad
384 1694 513 1760 ilerdam
543 1694 675 1780 geritur:
706 1695 847 1760 Lucanus
876 1694 961 1760 nobis
987 1717 1105 1781 pugnae
1128 1695 1229 1761 locum
1253 1697 1302 1762 de·

180 1815 297 1902 pingit,
328 1814 381 1880 ubi
411 1820 574 1899 utrumque
604 1814 769 1880 exereitum
800 1815 833 1880 iu
862 1815 980 1880 modiao
1009 1814 1081 1880 oolla
1114 1815 1301 1895 tendentem,

181 1935 316 2021 placidae
345 1934 456 1999 Sicoris
483 1935 581 2000 undae
604 1934 761 2000 dirimunt.
807 1932 869 1999 Sub
894 1934 1051 2000 moenibus
1075 1934 1191 2000 Ilerdae
1214 1935 1303 2000 Pom·

182 2053 280 2140 peiani
303 2053 450 2130 tendunt,
475 2053 554 2118 unde
577 2053 659 2140 regio
683 2074 804 2140 campos
826 2059 964 2138 patentes
986 2053 1125 2140 explieat.

224 2171 333 2237 Caesar
361 2171 451 2236 initio
479 2171 600 2237 fortuna
623 2172 754 2237 secunda
777 2194 850 2236 usus
873 2195 935 2237 non
958 2179 1020 2254 est,
1045 2173 1188 2257 quoniam
1207 2174 1305 2238 hostis

184 2315 250 2357 eum
280 2289 412 2378 depulit,
443 2313 615 2378 aggressum
640 2298 735 2356 eastra
764 2292 954 2378 Pompeiana.
1000 2292 1110 2378 Neque
1133 2293 1250 2359 eoelum
1275 2294 1303 2357 ei

183 2431 355 2497 prosperum
393 2415 473 2489 erat,
508 2408 614 2475 bruma
647 2410 735 2497 pigro
770 2411 839 2497 gelu
861 2411 894 2474 in
916 2409 996 2476 nube
1019 2412 1138 2497 pluvias
1161 2390 1301 2491 tenebat,

183 2533 234 2596 nix
269 2535 387 2596 montes
422 2528 558 2616 tegebat,
594 2530 702 2616 pruina
737 2551 859 2616 campos
892 2529 1058 2616 premebat.
1116 2529 1166 2595 Sol
1197 2553 1308 2596 vernus

184 2657 281 2715 tamen
317 2649 407 2714 rediit
415 2677 424 2728 ;
460 2649 555 2714 calore
589 2650 684 2714 effuso
720 2648 772 2713 nix
803 2649 836 2713 in
866 2649 1018 2714 montibus
1048 2648 1209 2734 liquefacta
1243 2655 1312 2730 est3'

184 2770 322 2854 idemque
351 2768 466 2834 coelum
494 2767 635 2834 reddebat
669 2791 780 2855 aequor
811 2768 968 2849 diffusum,
1005 2769 1148 2856 spissatas
1174 2769 1309 2836 fluebant

184 2888 302 2954 imbres.
347 2888 440 2969 Tum,
466 2911 542 2973 quae
563 2911 600 2952 ex
622 2887 719 2952 solitis
741 2887 877 2953 fontibus
899 2889 1029 2974 profluat
1051 2887 1147 2968 unda,
1168 2888 1233 2952 vias
1248 2910 1307 2952 non

184 3007 289 3088 habet3
328 3007 429 3073 alveus
467 3007 718 3094 profundissimus
761 3029 852 3092 aquas
892 3007 1024 3073 tumidas
1058 3007 1210 3073 continere
1244 3030 1304 3073 non

183 3134 300 3214 potest:
333 3126 412 3192 hand
442 3126 571 3206 mirum,
603 3149 671 3191 nam
703 3125 849 3212 Pyrenaei
879 3149 1015 3212 quoque,
1045 3148 1120 3211 quas
1140 3149 1306 3212 numquam

183 3247 227 3312 sol
262 3246 376 3312 solvere
410 3246 522 3326 valuit,
557 3268 649 3330 aquas
683 3245 753 3310 rrive
786 3243 949 3330 liquefacta
981 3245 1149 3312 mittebant.
1195 3245 1306 3312 Omnia

184 3366 458 3453 superfunduntur:
482 3365 603 3432 iamiam
625 3363 760 3430 Caesaris
783 3387 864 3430 arma
876 3365 1020 3451 naufraga
1032 3371 1148 3432 natant.
1173 3365 1232 3430 Sed
1243 3366 1303 3430 iam

184 3486 280 3551 maius
303 3486 414 3572 frigore
436 3489 466 3550 et
487 3485 627 3572 proluvie
650 3484 761 3550 malum
773 3483 968 3550 imminebat:
992 3485 1101 3564 fameS,
1126 3484 1305 3571 illasemper

185 3606 280 3692 prima
304 3627 480 3692 magnorum
504 3605 649 3670 melorum
674 3627 790 3685 eomes,
816 3604 932 3671 aderat:
951 3605 1036 3669 nullo
1049 3603 1128 3668 enim
1141 3605 1228 3670 modo
1241 3605 1304 3670 fiori

185 3725 304 3811 potuit,
327 3731 363 3789 ut
386 3725 498 3790 milites
521 3725 773 3790 frumentarentur
795 3730 826 3788 et
848 3723 1071 3811 pabularentur.

228 3844 365 3909 Fortuna
388 3849 488 3909 tamen
511 3848 652 3908 contenta
674 3865 766 3930 parvo
781 3843 915 3909 Caesaris
933 3866 1045 3930 pavore
1063 3843 1170 3924 rediit,
1194 3844 1304 3909 imbres

187 3970 356 4044 cessarunt,
382 3964 492 4030 Sieoris
514 3965 595 4029 intra
616 3963 696 4050 ripas
710 3963 843 4029 recessit.
888 3963 1040 4044 Petreius,
1062 3963 1304 4029 utriditllortu·

189 4108 255 4150 nam
269 4084 388 4149 Caesari
401 4084 510 4149 servire
522 4084 653 4169 deosque
665 4085 692 4148 ei
705 4091 874 4170 praesentes
886 4084 988 4148 adesse
996 4134 1005 4164 ,
1028 4083 1155 4148 Ilerdam
1179 4084 1306 4162 deserit,

187 4204 364 4290 viribusque
391 4205 455 4268 suis
489 4204 603 4268 diffisus
632 4204 669 4268 ad
693 4202 856 4268 Celtiberos
880 4201 1046 4270 contendit.
1084 4203 1193 4268 Caesar
1217 4203 1309 4268 eolles
