3296 5132
732 421 771 484 27

193 651 259 693 mea
288 627 389 714 signa,
424 628 450 691 si
481 629 546 693 iure
573 627 685 693 venitis
712 628 773 692 hue
804 649 901 712 usque
923 627 1033 707 licet’',
1067 633 1167 692 tamen
1193 628 1307 693 efficere

191 745 296 832 nequit
319 747 401 831 quod
424 747 482 811 sibi
505 753 708 833 proposuerat.
745 745 852 810 Caesar
873 747 1106 832 haudquaquam
1125 769 1199 812 voce
1216 770 1313 833 paene⁴

191 867 295 931 divina
317 872 500 946 commotus,
524 888 576 952 per
599 888 715 930 amnem
739 865 826 952 sigua
847 865 918 930 ferri
943 865 1045 946 iubet,
1071 865 1230 952 minaxque
1242 867 1310 932 Ari·

191 986 324 1065 minum,
349 984 479 1048 vicinam
502 983 624 1064 urbem,
649 983 778 1050 invadit.
826 983 955 1063 „Pacem
979 991 1009 1048 et
1031 991 1174 1049 temerato
1190 982 1311 1051 iura·-

191 1104 298 1170 ansar
321 1103 421 1188 inquit
448 1141 491 1154 -·
514 1102 565 1168 hie
587 1103 739 1188 relinquo:
765 1109 793 1167 te
812 1103 956 1168 Fortuma
979 1102 1119 1188 sequor'’.

235 1222 356 1288 Primus
378 1222 447 1288 belli
470 1223 535 1287 dies
558 1223 698 1287 tristibus
721 1223 863 1308 auspiciis
885 1223 1038 1288 illuxerat:
1062 1222 1158 1287 nubes
1169 1231 1313 1289 moestam

191 1343 290 1408 lucem
320 1342 478 1429 tegebant:
514 1334 584 1422 sol,¹
611 1341 699 1426 quasi
722 1341 829 1428 lugens
851 1340 947 1406 scelus
970 1341 1166 1422 inchoatum,
1190 1342 1314 1409 latebat.

194 1459 283 1526 (lives
325 1461 529 1526 Ariminenses
583 1461 721 1547 clangore
766 1459 925 1539 tubarum,
968 1460 1094 1525 stridore
1132 1460 1261 1540 lituum,
1300 1486 1316 1527 e

193 1603 297 1644 somno
339 1580 484 1645 excitatos
528 1579 646 1665 gelidus
686 1602 780 1666 pavor
821 1585 964 1666 occupat:
1000 1579 1180 1644 miserantur
1210 1580 1314 1646 urbem

192 1699 323 1764 vicinam
363 1697 473 1779 Gallim
516 1699 582 1763 loeo
624 1699 691 1784 ipso
725 1700 905 1764 damnatam.
959 1693 1022 1779 Qui
1055 1698 1145 1784 primi
1178 1700 1312 1764 omnium

191 1817 378 1884 Cimbrorum
421 1817 576 1883 saevitiam
616 1818 770 1898 viderant,
812 1817 921 1902 quibus
962 1817 1046 1882 furor
1087 1817 1217 1882 Teutoni
1259 1841 1314 1883 eus

196 1961 257 2002 non
304 1944 476 2024 pepercerat
508 1959 589 2001 nuno
622 1938 732 2001 dorum
767 1937 878 2001 bellum
912 1935 1023 2001 iterum
1058 1935 1141 2022 prius
1176 1935 1312 2022 attingit.

192 2057 382 2138 Querentur:

384 2173 386 2178 ’
671 2175 799 2257 Quoties
821 2155 948 2240 Romam
971 2173 1105 2240 Fortuna
1128 2175 1248 2240 lacessit

304 2297 370 2361 Hac
394 2297 452 2360 iter
475 2302 521 2359 est
545 2295 640 2374 hellis.
670 2296 759 2379 (257)

239 2415 330 2480 Curio
354 2399 493 2480 tribunus
516 2414 614 2500 plebis
636 2413 768 2478 Arimini
786 2412 895 2478 Caesar
914 2421 1031 2500 praesto
1055 2411 1128 2481 eralss
1166 2415 1313 2481 Exsilium

196 2533 270 2597 dicit
293 2556 325 2598 se
349 2532 498 2596 volentem
521 2531 687 2618 suscepisse
711 2553 823 2616 quum,
847 2531 925 2617 leges
949 2555 965 2596 a
989 2538 1094 2597 senato
1114 2533 1314 2601 violarentur:

197 2652 344 2730 prictoria
368 2660 483 2716 tua-
504 2651 605 2735 inquit
628 2688 670 2701 —
687 2673 743 2715 nos
763 2650 852 2714 faciet
865 2649 976 2716 eives”.
1011 2651 1095 2716 Tolle
1107 2673 1220 2734 moras,
1244 2655 1316 2719 dum

196 2779 294 2858 patres
312 2775 336 2856 1)
360 2770 515 2856 trepidant
523 2796 532 2848 3
556 2791 672 2855 semper
695 2770 777 2834 enim
801 2769 913 2855 paratis
937 2768 1040 2834 differe
1062 2771 1182 2838 nocuit:

734 2889 873 2953 Socerum
901 2888 1048 2974 depellere
1071 2911 1162 2976 regno

305 3010 467 3076 Decretum
491 3031 600 3096 genero
624 3013 679 3074 est.
725 3007 837 3072 Partiri
860 3029 919 3072 non
943 3015 1029 3094 potes
1055 3009 1174 3075 orbern:

305 3128 393 3193 Solus
416 3126 525 3192 habere
548 3134 644 3213 potes.
670 3127 759 3212 (290)

242 3247 360 3329 Quibus
394 3245 483 3312 dictis
518 3246 624 3312 Caesar
654 3268 816 3322 aecensus,
852 3245 963 3310 milites
996 3247 1153 3312 convocari
1176 3244 1260 3311 iubet
1283 3253 1318 3311 ut

198 3367 300 3432 contio
323 3365 488 3445 habeatur,
514 3387 573 3449 qua
597 3387 646 3428 eos
669 3365 793 3429 edoceat
816 3387 846 3428 se
870 3387 932 3430 non
957 3364 1015 3430 sibi
1029 3365 1083 3429 soli
1110 3372 1264 3451 cuperent
1276 3361 1335 3430 irr-¹

197 3487 274 3551 iuria
293 3492 454 3570 reparetur,
479 3485 531 3548 sed
551 3483 700 3550 militibus
720 3485 752 3548 iu
773 3484 878 3571 primis
903 3483 975 3548 belli
997 3483 1128 3569 praemia
1151 3484 1316 3570 postulare:

394 3603 475 3668 Mihi
498 3603 524 3666 si
547 3625 657 3668 meroes
680 3609 781 3690 erepta
804 3603 941 3668 laborum
966 3611 1031 3679 est,

396 3724 453 3786 llis
476 3723 582 3786 sallem
605 3720 689 3807 longi
712 3744 759 3786 me
783 3720 860 3786 duee
883 3721 1014 3807 praemia
1037 3719 1107 3785 belli

398 3840 585 3906 Redda'rrtur.
612 3842 700 3924 (342)

242 3961 358 4024 Milites
388 3961 483 4046 primo
508 3959 583 4044 quid
606 3959 664 4023 sibi
689 3959 857 4024 faciendum
883 3959 923 4022 sit
946 3957 1223 4046 dubitano'pietas
1247 3983 1315 4026 oum

229 4220 249 4294 ¹)
269 4216 313 4272 Sic
331 4216 399 4271 enim
421 4235 468 4298 pro
489 4218 609 4296 „portes”
628 4216 769 4295 legendum
792 4220 874 4296 (280).
