3296 5132
763 376 909 471 ‘aa

321 615 438 702 exigere
468 615 512 679 fas
542 613 692 698 estquod
716 613 754 679 ab
781 613 975 677 historiarum
1002 613 1146 698 scriptore
1169 615 1348 699 requiritur:
1372 618 1441 680 co'n-

321 734 397 798 tenti
421 756 484 799 esse
507 733 649 799 debemus
674 732 763 797 modo
786 731 923 816 graviora
946 736 1042 796 errata
1065 731 1231 798 evitentur:
1256 740 1328 798 sunt
1350 734 1440 798 etiam

322 873 452 931 errores,
478 850 589 935 quibus
620 849 659 915 ob
688 849 857 916 libertatern
887 849 984 936 poetis
1011 871 1179 914 concessam
1203 851 1322 915 veniam
1350 851 1440 916 tribui

322 976 469 1056 oporteat.
515 968 635 1050 Quibus
672 968 814 1034 omnibus
851 969 998 1055 reputatis
1027 968 1149 1034 Lucano
1176 969 1319 1035 honorem
1355 971 1441 1034 dene·

322 1111 393 1174 gare
419 1087 577 1172 nequimus
606 1087 750 1152 historiae
772 1086 950 1173 plerumque
973 1109 1041 1152 cunr
1066 1088 1124 1152 fide
1147 1088 1320 1176 descriptae.
1355 1087 1447 1152 Dubii

325 1206 414 1292 pretii
447 1207 520 1271 haec
553 1206 621 1270 laus
654 1206 778 1272 fortasse
812 1206 1009 1272 existimanda
1036 1213 1098 1288 est,
1133 1230 1210 1292 quae
1240 1208 1351 1294 gloriae
1374 1213 1442 1294 poit-

322 1325 400 1390 ticae
422 1325 573 1390 interdum
596 1325 702 1390 nocuit
727 1327 752 1409 ¹)

368 1443 437 1510 Iure
467 1445 606 1509 Lucanus
634 1443 756 1531 imperii
787 1443 967 1509 divisionem
999 1443 1113 1509 iudicat
1136 1444 1271 1509 omnium
1295 1445 1440 1509 malorum

323 1564 471 1650 originem
493 1564 604 1628 fuisse:
625 1564 703 1629 inter
721 1563 894 1628 triumviros
911 1562 1063 1628 Caesarem
1073 1563 1232 1643 ,'Crassum
1241 1613 1250 1644 ,
1264 1565 1441 1650 Pompeium

324 1707 382 1770 pax
410 1683 553 1748 diuturna
581 1705 644 1746 esse
672 1704 733 1746 non
760 1688 895 1768 poterat:
926 1681 1063 1746 Crassum
1088 1682 1185 1747 solnm
1217 1689 1285 1768 post
1316 1689 1440 1747 mortem

325 1801 421 1867 Iuliae
455 1793 548 1866 anno
570 1799 829 1866 DOLXXXXIX
858 1799 899 1865 U.
923 1799 957 1865 Ο.
983 1803 1037 1884 (54
1061 1824 1087 1866 a.
1111 1799 1146 1866 O.
1169 1802 1213 1886 n.)
1237 1823 1350 1865 moram
1372 1800 1441 1865 beili

325 1921 417 1986 fnisse
446 1925 580 1998 constat3
611 1941 704 2004 quum
728 1925 816 2005 poeta
838 1919 898 1984 levi
922 1941 1019 1984 errore
1042 1918 1160 1984 caedem
1184 1919 1314 1984 infelicis
1337 1920 1441 1985 trium·

324 2038 401 2119 viri,
429 2037 570 2104 Parthica
597 2037 702 2104 fraude
733 2038 891 2117 exstincti,
925 2045 994 2104 ant-e
1028 2038 1138 2104 Iuliam
1174 2045 1299 2104 mortem
1329 2040 1440 2126 posuit.

324 2157 436 2224 Omnes
451 2155 586 2222 historici
605 2157 796 2222 consentiunt
808 2157 917 2223 Iuliam
934 2181 1029 2243 quum
1040 2159 1169 2224 maxime
1182 2181 1300 2246 operam
1313 2160 1442 2242 dedisse,¹

324 2284 359 2343 ut
376 2275 510 2340 amicitia
529 2276 609 2340 inter
626 2276 768 2340 maritum
789 2281 821 2340 et
843 2283 957 2362 patrem
981 2277 1098 2363 integra
1116 2286 1293 2344 servaretur.
1325 2277 1441 2342 Plutar-

324 2395 398 2461 chus
417 2394 493 2460 dicit
507 2395 551 2478 ²):
575 2395 592 2466 ἡ
609 2393 751 2475 πρότερον
766 2394 1104 2474 παρακαταλόπτουσοι
1119 2403 1243 2474 μᾶλλον
1258 2398 1275 2474 ἢ
1292 2397 1438 2477 suscipa-

324 2538 401 2579 ovocc
430 2514 489 2578 τῶν
515 2513 627 2594 ἀνδρῶν
656 2514 711 2587 τὴν
742 2513 919 2595 Φιλαρχιόιν
945 2513 1091 2590 οἰκειότης
1115 2517 1275 2598 ἀνῄρηται.
1325 2517 1440 2583 Deinde

325 2633 440 2725 pergit:
474 2633 546 2712 μετ’
571 2635 604 2696 οὐ
637 2633 716 2698 πολὺ
749 2632 779 2698 δὲ
812 2633 864 2696 καὶ
898 2634 1036 2715 Κράσσος
1066 2637 1096 2700 ἕν
1117 2639 1244 2718 Πάρθοτς
1271 2639 1439 2708 ἀπολωλὼς

325 2753 503 2834 ἠγγέλλετο
529 2754 581 2818 aci
608 2758 697 2818 rorico
719 2757 851 2831 κώλυμα
868 2754 897 2819 ὃν
921 2754 1010 2834 μέγα
1033 2761 1086 2821 τοῦ
1110 2767 1282 2836 συμπεσεῖν
1310 2759 1362 2822 τὸν
1385 2758 1440 2834 ἐμ-

314 2874 434 2962 φύλιον
458 2874 593 2953 πόλεμον
618 2876 748 2941 ἐκποδὼν
773 2876 924 2954 ἐγεγόνει.

368 2993 474 3059 Livius
502 2994 606 3059 eodem
641 3017 701 3078 quo
737 2995 878 3060 Lucanus
913 2995 1001 3061 modo
1035 3019 1140 3062 causas
1174 2997 1309 3062 civilium
1347 3019 1441 3062 armo·

324 3134 391 3178 rum
430 3112 568 3178 retulisse
599 3112 736 3194 videtur,
776 3121 812 3180 nt
850 3124 971 3202 apparet
999 3139 1036 3180 ex
1064 3116 1205 3201 periocha
1234 3115 1288 3181 lib.
1322 3114 1454 3183 CVIII.¹

324 3225 415 3296 Nihil
445 3232 515 3299 dein
544 3256 580 3298 ex
610 3257 645 3299 eo
675 3234 758 3300 fonte
781 3235 900 3300 haurire
923 3257 1095 3322 possumus,
1120 3258 1214 3320 quum
1237 3233 1338 3300 statim
1362 3235 1441 3321 lega·

325 3374 405 3419 mus:
433 3359 554 3420 senatus
579 3353 716 3419 consulto
744 3354 843 3434 sacto,
872 3361 1032 3440 postquam
1062 3353 1177 3419 tribuni
1208 3353 1300 3439 plebis
1329 3354 1366 3419 ad
1390 3375 1442 3419 cae

294 3523 297 3530 .
325 3493 419 3537 sarem
445 3495 476 3538 se
498 3471 704 3554 contulerunt,
727 3471 754 3537 is
778 3495 846 3537 cum
870 3473 1020 3538 excercitu
1041 3473 1074 3537 in
1096 3471 1217 3538 Italiam
1239 3442 1331 3540 venit.

354 3851 374 3912 ¹)
392 3843 489 3904 Nisard
516 3844 622 3917 (Poetes
643 3844 738 3902 Latius
756 3843 789 3900 de
811 3844 839 3900 la
865 3842 1010 3901 decadence
1033 3843 1081 3899 ΙΙΙ
1107 3861 1150 3917 pg.
1176 3847 1218 3914 62)
1242 3846 1307 3903 dicit
1327 3846 1446 3912 ,Lucaiu

320 3953 336 3992 a
353 3934 432 3991 truite
451 3951 487 3988 un
504 3931 579 4005 point
596 3929 745 3997 dhistoire;
762 3929 783 3984 il
804 3947 820 3985 a
838 3928 951 4001 abdique
968 3945 998 3984 sa
1019 3928 1118 3984 faculte
1140 3929 1306 4004 d’imnginer,
1333 3952 1400 4007 pour
1417 3951 1446 3989 se

320 4022 418 4078 trainer
435 4019 451 4075 h
468 4019 495 4074 la
512 4018 583 4075 suite
601 4017 647 4074 das
666 4015 837 4074 annalistcs.''
873 4014 925 4074 uui
944 4013 1063 4088 opinioni
1080 4034 1129 4089 pro
1146 4017 1241 4091 exiqua
1253 4022 1359 4077 tanturn
1371 4023 1447 4094 purte

324 4105 449 4164 assentio.

355 4193 378 4265 ²)
396 4187 557 4247 Plutarchus
578 4187 671 4261 Pomp.
691 4186 761 4244 LIII
780 4187 807 4244 in
826 4187 886 4248 nne.
