3296 5132
738 416 777 480 67

242 621 371 708 Copiose
400 621 507 687 Caesar
538 617 627 686 refert
657 621 793 706 quaein
826 627 931 686 senatu
966 621 1139 688 disseruerit
1171 622 1208 688 de
1242 646 1310 692 can·

196 741 254 822 sis,
279 764 355 827 quae
377 741 415 806 ad
436 741 550 807 bellum
572 740 734 828 gerendum
758 762 789 805 se
812 739 1011 827 impulissent.
1057 741 1176 808 Horum
1203 744 1312 831 exigua

196 867 317 926 tantum
352 860 432 948 apud
471 860 628 926 Lucanum
662 859 774 926 mentio
809 860 860 925 fit:
895 881 994 956 neque
1027 859 1087 926 Dio
1126 861 1174 926 his
1203 862 1235 928 in
1268 885 1313 928 re·

195 979 253 1044 bus
286 979 421 1066 pluribus
454 979 543 1046 nobis
578 979 690 1045 anxilio
725 977 825 1046 venit:
866 1001 964 1064 neque
997 977 1179 1046 Plutarchus
1209 986 1314 1048 auctor

197 1098 319 1164 uberior
352 1108 411 1180 est,
447 1121 627 1186 quamquam
662 1122 698 1164 ex
732 1098 785 1179 iis,
825 1121 901 1184 quse
935 1099 1059 1181 scribit,
1089 1100 1229 1198 colligere
1262 1124 1315 1188 pu·

197 1241 318 1300 sumus,
352 1243 420 1285 eum
450 1243 488 1285 ex
516 1221 624 1300 Livio,
655 1219 703 1284 vel
731 1219 788 1284 alio
812 1219 940 1305 quodam
964 1219 1110 1308 scriptore
1132 1219 1315 1308 Pompeiano

197 1340 348 1427 petivisse.
395 1338 485 1420 Quod
508 1340 598 1404 etiam
621 1339 658 1404 de
680 1339 793 1420 Dione,
818 1363 912 1426 pauca
930 1346 1047 1406 tantum
1067 1341 1230 1424 referente,
1253 1340 1315 1406 dici

196 1465 307 1545 potest.
352 1457 391 1523 In
419 1458 565 1524 Periocha
586 1457 713 1523 Liviana
735 1457 813 1522 nihil
834 1459 872 1524 de
894 1459 942 1524 his
964 1459 1090 1547 legitur:
1114 1471 1213 1546 neque'
1233 1460 1316 1548 apud

196 1577 317 1644 Florum
340 1599 438 1662 neque
462 1577 542 1664 apud
565 1577 708 1643 Orosium
732 1577 898 1664 quidquem
921 1579 1075 1646 inuenitur
1101 1579 1149 1646 his
1166 1580 1314 1668 exceptis:

198 1695 350 1762 consulem
373 1719 404 1762 se
427 1697 528 1785 ipsum
551 1696 633 1764 fecit.

240 1815 422 1904 Pompeium
445 1839 567 1904 magnas
590 1815 691 1904 copias
714 1818 933 1904 comparavisse
956 1818 1064 1886 Caesar
1086 1825 1190 1887 auctor
1212 1825 1257 1886 est
1277 1821 1313 1906 ¹).

198 1937 285 2004 Dicit
315 1959 384 2001 eum
415 1957 553 2024 magnam
584 1959 621 2001 ex
652 1936 723 2002 Asia
748 1935 988 2026 Cycladibusque
1019 1939 1143 2020 insulis,
1167 1938 1313 2026 Corcyra,

198 2055 342 2136 Athenis,
379 2055 494 2136 Ponto,
530 2055 693 2142 Bithynia,
726 2056 827 2144 Syrio,
863 2057 985 2139 Cilicia,
1020 2062 1160 2146 Aegypto
1189 2059 1315 2124 classem

198 2176 348 2262 coegisse3
379 2197 517 2262 magnam
547 2174 712 2263 inperatam
738 2175 829 2242 Asiae
852 2185 883 2242 et
906 2177 1025 2264 Syriae,
1049 2177 1231 2266 regibusque
1254 2199 1316 2242 om·

199 2295 289 2361 nibus
312 2300 342 2360 ct
364 2295 498 2382 dynastis
512 2300 552 2362 ‚et
574 2297 733 2362 tetrarchis
756 2303 787 2362 et
808 2296 910 2364 liberis
933 2297 1066 2364 Achaiae
1085 2298 1205 2386 populis
1224 2321 1312 2386 pecu·

199 2416 279 2482 uiam
308 2415 449 2502 exegisse.
495 2415 612 2482 Deinde
638 2415 744 2484 Caesar
773 2418 912 2506 Pompeii
941 2417 1072 2505 legiones
1103 2423 1258 2485 enumeret
1284 2423 1315 2483 et

199 2533 309 2622 quibus
340 2558 376 2600 ex
404 2533 567 2621 provinciis
597 2558 646 2602 eos
659 2537 894 2632 conscripsisset
917 2537 1022 2618 refert3
1053 2560 1090 2604 ex
1112 2538 1201 2604 Creta
1223 2537 1314 2625 sagit·

199 2655 309 2735 tarius,
333 2677 369 2720 ex
392 2657 491 2720 Ponto
515 2662 546 2720 et
568 2655 654 2742 Syria
676 2655 814 2722 cohortes
837 2655 1026 2722 funditorum
1049 2679 1118 2722 eum
1139 2656 1247 2723 habere
1271 2657 1315 2724 di·

198 2774 253 2857 cit,
277 2796 372 2858 quum
395 2775 493 2862 capite
516 2773 625 2859 quinto
648 2774 781 2871 eiusdem
803 2774 874 2841 libri
893 2781 1011 2856 narrat,
1035 2775 1313 2862 quihuseregioni·

198 2893 253 2959 hus
283 2893 447 2981 Pompeius
477 2893 662 2960 frumentum
686 2901 894 2982 comparasset.
940 2895 981 2960 Et
1003 2918 1040 2962 ex
1061 2896 1200 2976 Caesare,
1225 2901 1315 2962 etex

198 3013 339 3101 Appiano
359 3015 383 3099 2)
413 3013 595 3100 colligimus,
627 3015 785 3082 Lucanum
818 3038 878 3082 non
902 3015 1031 3082 nimium
1054 3013 1190 3102 Pompeii
1213 3013 1314 3099 copies

201 3133 297 3200 verbis
320 3132 454 3215 auxisse,
476 3156 573 3220 neque
593 3157 624 3200 se
647 3135 831 3200 continuisse
853 3135 933 3202 intra
958 3135 1047 3216 fines,
1071 3133 1181 3220 quibus
1208 3139 1316 3220 poetas

200 3275 318 3338 quoque
352 3253 636 3320 circumscribuntur
670 3277 766 3341 ,quos
799 3254 879 3320 ultra
910 3254 1046 3340 citraque
1068 3253 1176 3340 nequit
1203 3254 1315 3319 consis-

200 3370 283 3438 terc'’
306 3373 459 3459 aurumi).
504 3371 633 3439 Veribus
656 3373 750 3461 igitur
776 3375 948 3440 ast-290
973 3396 1092 3440 omnem
1116 3373 1204 3438 fidem
1227 3373 1314 3440 dene·

200 3515 269 3580 gere
285 3514 345 3557 non
363 3513 437 3579 opus
460 3499 520 3573 est,
544 3493 632 3560 modo
651 3493 727 3580 bene
747 3479 891 3579 sciemus,
913 3499 1031 3583 politam
1054 3491 1144 3560 verba
1162 3514 1223 3558 non
1240 3515 1315 3562 sem·

200 3635 253 3700 per
276 3611 364 3678 anxie
387 3611 585 3700 perpendere:
1117 3610 1118 3619 ’

193 3877 399 3892 ψ

233 4053 253 4125 ¹)
271 4048 302 4109 B.
322 4051 352 4110 Ο.
370 4046 426 4106 III.
445 4048 461 4106 3
480 4053 507 4107 et
525 4051 551 4108 4.

232 4141 253 4212 2)
272 4142 339 4212 App.
358 4137 389 4194 B.
408 4137 437 4194 0.
455 4137 495 4195 H.
512 4138 556 4196 71.

234 4229 254 4304 5)
273 4227 339 4285 Hor.
358 4225 413 4282 cat.
432 4224 455 4282 I.
473 4225 500 4282 1.
519 4225 579 4282 106.
