3296 5132
862 439 903 503 14

320 641 419 708 verbis
453 643 593 710 adversus
626 643 809 730 prinoipem,
839 665 936 729 neque
967 644 1055 710 lactis
1082 647 1270 712 exstantibus
1293 654 1438 733 tempera·

321 761 368 825 vit
403 761 524 848 (Suet).
570 761 639 842 Quo
674 761 761 825 modo
795 761 906 827 bellum
940 764 1101 845 exarserit,
1138 764 1298 830 Suetonius
1328 772 1437 832 narrat.

320 879 404 946 Nero
437 881 582 946 recitante
614 878 738 944 Lucano
769 879 885 961 subito,
921 904 955 946 ac
986 881 1070 948 nulla
1093 883 1153 948 nisi
1175 883 1369 970 refrigerandi
1393 883 1439 947 sui

323 1023 412 1065 causa
433 1007 538 1066 senatu
560 999 676 1063 indicto
699 999 833 1064 recessit.
878 999 1020 1065 Lucanus
1049 1002 1133 1094 apud
1158 1003 1269 1068 amicos
1293 1001 1439 1089 gloriaba-

323 1127 373 1186 tur
390 1143 422 1186 se
440 1119 592 1190 Neronem
612 1118 739 1200 vicisse,
760 1118 834 1183 adeo
859 1125 893 1183 ut
915 1127 1084 1206 praesentes
1110 1121 1218 1186 timore
1241 1119 1441 1186 conscientiae

325 1239 467 1306 commoti
495 1237 527 1304 in
558 1239 663 1324 fugam
697 1260 759 1302 sese
793 1237 916 1316 darent,
940 1239 1102 1305 dummodo
1129 1240 1203 1305 fides
1232 1239 1368 1306 habenda
1400 1241 1441 1303 sit

270 1443 276 1456 .
323 1355 505 1437 narrationi,
542 1379 610 1421 eum
651 1355 802 1442 quondam
837 1355 869 1421 in
902 1357 1018 1422 latrinis
1053 1356 1183 1443 publicis
1218 1357 1339 1422 clariore
1372 1380 1440 1422 cnm

325 1475 451 1562 strepitu
479 1475 592 1541 ventris
611 1457 722 1540 emissi
753 1475 978 1543 hemistichium
1007 1475 1137 1542 Neronis
1161 1499 1268 1564 magns
1292 1499 1442 1542 consesso-

324 1617 390 1660 rum
412 1595 486 1682 fuga
509 1595 734 1682 pronuntiasse:

636 1713 719 1794 ,Sub
739 1715 827 1780 terris
850 1716 984 1781 tonuisse
1006 1713 1127 1802 putes’'.

272 1848 275 1855 '
311 1877 312 1881 =
370 1833 439 1915 Qua
472 1832 509 1902 de
542 1845 630 1898 causa
662 1833 748 1900 Nero
780 1833 897 1900 Lucani
931 1833 1087 1900 occidendi
1116 1839 1263 1921 potestate
1290 1856 1361 1900 usus
1383 1856 1453 1918 non

325 1953 366 2018 sit
399 1975 453 2040 pro
487 1960 568 2018 certo
602 1953 700 2019 dicere
730 1961 844 2042 nequeo
851 1983 867 2049 ς·
884 1954 1044 2020 verisimile
1069 1960 1114 2020 est
1137 1977 1205 2020 eum
1233 1953 1342 2019 aemuli
1364 1953 1444 2018 vitae

327 2072 366 2138 ob
398 2073 596 2138 reverentiam
630 2095 700 2160 erga
731 2073 875 2139 Senecam
909 2074 1091 2161 pepercisse,
1132 2095 1220 2161 quem
1254 2073 1345 2138 etism
1379 2081 1443 2136 tum

328 2190 461 2256 timebat.
502 2190 644 2257 Lucanus
679 2197 778 2258 autem
813 2193 876 2257 otio
910 2192 969 2286 sibi
1002 2192 1073 2258 dato
1104 2192 1261 2258 fruebatur
1268 2219 1278 2271 ;
1312 2190 1444 2257 Neronis

326 2309 522 2376 interdictum
552 2311 676 2398 ingenio
711 2334 803 2397 quum
831 2334 939 2378 nocere
961 2334 1022 2377 non
1045 2319 1161 2398 posset,
1184 2318 1250 2376 toto
1273 2333 1304 2376 se
1327 2317 1446 2398 pectore

328 2429 437 2494 studiis
471 2431 624 2512 tradebat,
659 2437 695 2496 ut
729 2430 898 2496 Pharsaliae
931 2430 1105 2512 inchoatae,
1148 2431 1233 2496 cuius
1264 2439 1324 2496 tres
1357 2431 1448 2496 libros

329 2549 389 2612 iam
407 2549 440 2613 in
458 2549 556 2614 lucem
576 2549 708 2632 dederat,
728 2571 877 2616 summam
895 2572 1018 2616 manum
1038 2549 1169 2615 adderet.
1193 2549 1252 2615 Sed
1269 2549 1448 2614 lectionibus

330 2667 524 2734 defendendis
568 2661 666 2734 Nero'
698 2670 873 2736 facultatem
918 2669 1020 2736 laudes
1059 2667 1245 2756 adipiscendi
1283 2669 1448 2749 ademerat,

329 2787 439 2874 quibus
462 2795 550 2874 poeta
573 2796 761 2870 assueverat,
793 2789 973 2855 oblivionem
998 2788 1047 2852 sui
1069 2789 1132 2875 pati
1155 2786 1318 2875 nequibat3
1348 2787 1451 2852 laudes

330 2927 492 2992 pancorum
516 2907 680 2973 amicorum
704 2906 864 2974 ambitioni
887 2908 953 2974 eius
976 2907 1057 2972 haud
1081 2907 1224 2973 mediocri
1246 2929 1308 2971 non
1324 2906 1451 2970 sufficie·

330 3023 414 3090 bant.
459 3025 726 3092 Animadvertebat
760 3025 913 3092 Neronem
943 3025 1084 3091 laudibus
1118 3025 1245 3102 elatum,
1268 3025 1378 3113 quippe
1400 3024 1451 3088 cui

331 3165 434 3210 omnes
452 3145 568 3210 iudices
584 3145 700 3214 nullam
711 3146 772 3211 nisi
783 3146 910 3232 primam
921 3145 1049 3232 palmam
1062 3144 1176 3210 deleme
1188 3144 1346 3225 auderent,
1358 3164 1451 3231 quum

331 3264 498 3351 principem
516 3264 630 3330 nemini
650 3265 812 3332 secundum
831 3286 862 3329 se
880 3262 981 3329 haberi
1002 3262 1076 3328 velle
1095 3263 1168 3328 satis
1186 3270 1287 3349 aperte
1298 3261 1472 3332 vidissent.⁴

331 3381 451 3464 Quibus
481 3383 569 3450 rebus
603 3385 770 3449 commotus
798 3382 986 3472 iuvenilique
1025 3381 1119 3447 animi
1155 3383 1260 3448 ardore
1293 3381 1453 3460 incitatus,

331 3502 477 3569 ultionem
506 3523 642 3590 sperans,
668 3527 685 3568 a
703 3502 873 3569 coniunctis
889 3503 923 3568 in
939 3501 1060 3567 caedem
1081 3501 1214 3568 Neronis
1238 3502 1336 3568 socius
1359 3523 1454 3588 quum

328 3629 479 3689 assumtus
511 3631 605 3704 esset,
640 3645 700 3690 non
733 3621 912 3711 languidum
942 3645 974 3688 se
1005 3622 1146 3688 comitem
1181 3621 1349 3709 praestitit,
1380 3642 1452 3686 nam

332 3742 470 3808 vividum
492 3742 595 3808 odium
617 3741 757 3809 intulisse
781 3742 941 3829 dieitur1).
965 3741 1024 3808 Sed
1047 3741 1151 3807 odium
1174 3739 1289 3806 Lucani
1306 3762 1368 3806 non
1387 3739 1455 3805 altis

331 3861 484 3928 radicibus
511 3861 642 3928 defixum
671 3883 770 3946 neque
799 3860 1001 3926 inveteratum
1032 3864 1096 3925 erat
1103 3884 1113 3938 ς
1144 3873 1208 3925 non¹
1239 3865 1304 3924 arat
1336 3859 1363 3924 is
1402 3840 1463 3943 qui

333 3978 407 4044 iram
431 3979 595 4065 odiumque
619 3979 708 4044 caede
730 3979 791 4044 sola
814 3979 922 4045 satiare
944 3986 1082 4066 cuperet,
1107 4001 1204 4064 neque
1224 4001 1327 4044 eorum
1348 3977 1456 4044 similis

369 4237 390 4308 ¹)
409 4234 470 4292 Tac.
488 4233 559 4291 Anu.
578 4232 639 4290 XV.
658 4234 701 4288 49.
