<?xml version="1.0" encoding="UTF-8"?>
<!DOCTYPE html PUBLIC "-//W3C//DTD XHTML 1.0 Transitional//EN"
    "http://www.w3.org/TR/xhtml1/DTD/xhtml1-transitional.dtd">
<html xmlns="http://www.w3.org/1999/xhtml" xml:lang="en" lang="en">
 <head>
  <title>
</title>
<meta http-equiv="Content-Type" content="text/html;charset=utf-8" />
  <meta name='ocr-system' content='tesseract 3.04.00' />
  <meta name='ocr-capabilities' content='ocr_page ocr_carea ocr_par ocr_line ocrx_word'/>
</head>
<body>
  <div class='ocr_page' id='page_1' title='image "./delucanifontibu00singgoog_0148.png"; bbox 0 0 3308 5138; ppageno 0'>
   <div class='ocr_carea' id='block_1_1' title="bbox 732 398 792 463">
    <p class='ocr_par' dir='ltr' id='par_1_1' title="bbox 732 398 792 463">
     <span class='ocr_line' id='line_1_1' title="bbox 732 398 792 463; baseline 0.033 -2"><span class='ocrx_word' id='word_1_1' title='bbox 732 398 792 463; x_wconf 86' lang='grc'>137</span> 
     </span>
    </p>
   </div>
   <div class='ocr_carea' id='block_1_2' title="bbox 122 579 1408 3920">
    <p class='ocr_par' dir='ltr' id='par_1_2' title="bbox 194 579 1370 932">
     <span class='ocr_line' id='line_1_2' title="bbox 194 579 1370 690; baseline -0.003 -17"><span class='ocrx_word' id='word_1_2' title='bbox 194 607 348 674; x_wconf 77' lang='lat' dir='ltr'>Labienus</span> <span class='ocrx_word' id='word_1_3' title='bbox 370 607 519 674; x_wconf 84' lang='lat' dir='ltr'>hortatur.</span> <span class='ocrx_word' id='word_1_4' title='bbox 566 608 609 672; x_wconf 79' lang='lat' dir='ltr'>nt</span> <span class='ocrx_word' id='word_1_5' title='bbox 630 604 706 671; x_wconf 84' lang='lat' dir='ltr'>Coto</span> <span class='ocrx_word' id='word_1_6' title='bbox 728 626 789 671; x_wconf 92' lang='lat' dir='ltr'>non</span> <span class='ocrx_word' id='word_1_7' title='bbox 805 625 881 690; x_wconf 86' lang='lat' dir='ltr'>opus</span> <span class='ocrx_word' id='word_1_8' title='bbox 903 625 967 670; x_wconf 88' lang='lat' dir='ltr'>esse</span> <span class='ocrx_word' id='word_1_9' title='bbox 989 604 1033 669; x_wconf 83' lang='lat' dir='ltr'>ait</span> <span class='ocrx_word' id='word_1_10' title='bbox 1055 604 1150 690; x_wconf 91' lang='lat' dir='ltr'>eiqni</span> <span class='ocrx_word' id='word_1_11' title='bbox 1168 603 1319 670; x_wconf 80' lang='lat' dir='ltr'>seiatviro</span> <span class='ocrx_word' id='word_1_12' title='bbox 1367 579 1370 588; x_wconf 22' lang='lat' dir='ltr'><em>V</em></span> 
     </span>
     <span class='ocr_line' id='line_1_3' title="bbox 196 723 1318 812; baseline -0.003 -18"><span class='ocrx_word' id='word_1_13' title='bbox 196 735 322 794; x_wconf 88' lang='lat' dir='ltr'>strenuo</span> <span class='ocrx_word' id='word_1_14' title='bbox 344 727 463 793; x_wconf 84' lang='lat' dir='ltr'>fortiter</span> <span class='ocrx_word' id='word_1_15' title='bbox 485 725 671 793; x_wconf 87' lang='lat' dir='ltr'>moriendum</span> <span class='ocrx_word' id='word_1_16' title='bbox 694 747 767 792; x_wconf 88' lang='lat' dir='ltr'>esse.</span> <span class='ocrx_word' id='word_1_17' title='bbox 812 723 968 806; x_wconf 77' lang='lat' dir='ltr'><strong>Quidnam</strong></span> <span class='ocrx_word' id='word_1_18' title='bbox 990 747 1008 789; x_wconf 84' lang='lat' dir='ltr'>u</span> <span class='ocrx_word' id='word_1_19' title='bbox 1030 723 1104 792; x_wconf 86' lang='lat' dir='ltr'>Iove</span> <span class='ocrx_word' id='word_1_20' title='bbox 1126 723 1187 792; x_wconf 91' lang='lat' dir='ltr'>sibi</span> <span class='ocrx_word' id='word_1_21' title='bbox 1212 745 1318 812; x_wconf 79' lang='lat' dir='ltr'>rogan·</span> 
     </span>
     <span class='ocr_line' id='line_1_4' title="bbox 197 829 628 932; baseline -0.009 -18"><span class='ocrx_word' id='word_1_22' title='bbox 197 848 271 914; x_wconf 91' lang='lat' dir='ltr'>dum</span> <span class='ocrx_word' id='word_1_23' title='bbox 294 852 372 914; x_wconf 90' lang='lat' dir='ltr'>esset</span> <span class='ocrx_word' id='word_1_24' title='bbox 393 847 469 912; x_wconf 84' lang='lat' dir='ltr'>Cato</span> <span class='ocrx_word' id='word_1_25' title='bbox 496 829 628 932; x_wconf 82' lang='lat' dir='ltr'>quaerit,</span> 
     </span>
    </p>

    <p class='ocr_par' dir='ltr' id='par_1_3' title="bbox 661 963 1120 1051">
     <span class='ocr_line' id='line_1_5' title="bbox 661 963 1120 1051; baseline -0.004 -21"><span class='ocrx_word' id='word_1_26' title='bbox 661 963 785 1045; x_wconf 73' lang='lat' dir='ltr'>,dubiis</span> <span class='ocrx_word' id='word_1_27' title='bbox 807 963 931 1030; x_wconf 82' lang='lat' dir='ltr'>oraculo</span> <span class='ocrx_word' id='word_1_28' title='bbox 954 985 1031 1051; x_wconf 89' lang='lat' dir='ltr'>opus</span> <span class='ocrx_word' id='word_1_29' title='bbox 1054 970 1120 1044; x_wconf 84' lang='lat' dir='ltr'>est,</span> 
     </span>
    </p>

    <p class='ocr_par' dir='ltr' id='par_1_4' title="bbox 196 1082 1322 1528">
     <span class='ocr_line' id='line_1_6' title="bbox 288 1082 1230 1173; baseline 0 -23"><span class='ocrx_word' id='word_1_30' title='bbox 288 1085 427 1173; x_wconf 69' lang='lat' dir='ltr'>,iupiter</span> <span class='ocrx_word' id='word_1_31' title='bbox 448 1091 494 1151; x_wconf 90' lang='lat' dir='ltr'>est</span> <span class='ocrx_word' id='word_1_32' title='bbox 515 1083 718 1170; x_wconf 82' lang='lat' dir='ltr'>quodcunque</span> <span class='ocrx_word' id='word_1_33' title='bbox 740 1083 839 1166; x_wconf 82' lang='lat' dir='ltr'>vides,</span> <span class='ocrx_word' id='word_1_34' title='bbox 864 1106 1048 1170; x_wconf 88' lang='lat' dir='ltr'>quocunqne</span> <span class='ocrx_word' id='word_1_35' title='bbox 1066 1082 1230 1166; x_wconf 66' lang='lat' dir='ltr'>moverid’,</span> 
     </span>
     <span class='ocr_line' id='line_1_7' title="bbox 197 1202 1319 1288; baseline 0 -16"><span class='ocrx_word' id='word_1_36' title='bbox 197 1206 274 1272; x_wconf 83' lang='lat' dir='ltr'>dicit</span> <span class='ocrx_word' id='word_1_37' title='bbox 280 1257 290 1288; x_wconf 94' lang='lat'><em>,</em></span> <span class='ocrx_word' id='word_1_38' title='bbox 325 1213 362 1270; x_wconf 92' lang='lat' dir='ltr'>ut</span> <span class='ocrx_word' id='word_1_39' title='bbox 396 1205 518 1271; x_wconf 80' lang='lat' dir='ltr'>Stoicus</span> <span class='ocrx_word' id='word_1_40' title='bbox 547 1202 731 1269; x_wconf 82' lang='lat' dir='ltr'>Posidonius</span> <span class='ocrx_word' id='word_1_41' title='bbox 758 1203 812 1288; x_wconf 90' lang='lat' dir='ltr'>qui</span> <span class='ocrx_word' id='word_1_42' title='bbox 834 1203 939 1270; x_wconf 83' lang='lat' dir='ltr'>docet:</span> <span class='ocrx_word' id='word_1_43' title='bbox 975 1203 1060 1284; x_wconf 60' lang='lat' dir='ltr'>pleds</span> <span class='ocrx_word' id='word_1_44' title='bbox 1094 1205 1160 1270; x_wconf 76' lang='grc' dir='ltr'>ἐστι</span> <span class='ocrx_word' id='word_1_45' title='bbox 1191 1209 1319 1286; x_wconf 70' lang='grc' dir='ltr'><em>πνεῦμα</em></span> 
     </span>
     <span class='ocr_line' id='line_1_8' title="bbox 196 1321 1322 1410; baseline 0.001 -19"><span class='ocrx_word' id='word_1_46' title='bbox 196 1326 294 1408; x_wconf 75' lang='grc' dir='ltr'><strong><em>νοερὸν</em></strong></span> <span class='ocrx_word' id='word_1_47' title='bbox 316 1327 417 1399; x_wconf 76' lang='grc' dir='ltr'><strong><em>διῆκον</em></strong></span> <span class='ocrx_word' id='word_1_48' title='bbox 441 1325 468 1389; x_wconf 76' lang='grc' dir='ltr'>δ’</span> <span class='ocrx_word' id='word_1_49' title='bbox 482 1322 610 1399; x_wconf 71' lang='grc' dir='ltr'><em>ἁπάσης</em></span> <span class='ocrx_word' id='word_1_50' title='bbox 634 1321 778 1396; x_wconf 69' lang='grc' dir='ltr'>οὐσίας”ε</span> <span class='ocrx_word' id='word_1_51' title='bbox 803 1345 893 1408; x_wconf 89' lang='lat' dir='ltr'>quem</span> <span class='ocrx_word' id='word_1_52' title='bbox 917 1324 1029 1390; x_wconf 84' lang='lat' dir='ltr'>Seneca</span> <span class='ocrx_word' id='word_1_53' title='bbox 1051 1330 1190 1392; x_wconf 83' lang='lat' dir='ltr'>secutus:</span> <span class='ocrx_word' id='word_1_54' title='bbox 1214 1326 1322 1410; x_wconf 66' lang='lat' dir='ltr'>,Quid</span> 
     </span>
     <span class='ocr_line' id='line_1_9' title="bbox 196 1442 665 1528; baseline -0.013 -15"><span class='ocrx_word' id='word_1_55' title='bbox 196 1452 243 1514; x_wconf 88' lang='lat' dir='ltr'>est</span> <span class='ocrx_word' id='word_1_56' title='bbox 266 1445 363 1510; x_wconf 80' lang='lat' dir='ltr'>deus?</span> <span class='ocrx_word' id='word_1_57' title='bbox 396 1443 488 1527; x_wconf 79' lang='lat' dir='ltr'>Quod</span> <span class='ocrx_word' id='word_1_58' title='bbox 509 1442 626 1509; x_wconf 85' lang='lat' dir='ltr'>vides&#39;’.</span> <span class='ocrx_word' id='word_1_59' title='bbox 639 1443 665 1528; x_wconf 90' lang='grc'>1)</span> 
     </span>
    </p>

    <p class='ocr_par' dir='ltr' id='par_1_5' title="bbox 122 1562 1325 2966">
     <span class='ocr_line' id='line_1_10' title="bbox 244 1562 1323 1652; baseline 0.004 -22"><span class='ocrx_word' id='word_1_60' title='bbox 244 1565 414 1630; x_wconf 88' lang='lat' dir='ltr'>Praeeunte</span> <span class='ocrx_word' id='word_1_61' title='bbox 446 1563 560 1629; x_wconf 83' lang='lat' dir='ltr'>Getone</span> <span class='ocrx_word' id='word_1_62' title='bbox 588 1562 647 1627; x_wconf 93' lang='lat' dir='ltr'>iter</span> <span class='ocrx_word' id='word_1_63' title='bbox 665 1562 763 1628; x_wconf 84' lang='lat' dir='ltr'>iecere</span> <span class='ocrx_word' id='word_1_64' title='bbox 784 1568 930 1650; x_wconf 83' lang='lat' dir='ltr'>pergunt,</span> <span class='ocrx_word' id='word_1_65' title='bbox 954 1562 1091 1652; x_wconf 84' lang='lat' dir='ltr'>exemplo</span> <span class='ocrx_word' id='word_1_66' title='bbox 1113 1563 1201 1630; x_wconf 82' lang='lat' dir='ltr'>dunis</span> <span class='ocrx_word' id='word_1_67' title='bbox 1223 1565 1323 1634; x_wconf 77' lang='lat' dir='ltr'>edocti</span> 
     </span>
     <span class='ocr_line' id='line_1_11' title="bbox 196 1681 1320 1772; baseline 0.001 -20"><span class='ocrx_word' id='word_1_68' title='bbox 196 1685 352 1772; x_wconf 91' lang='lat' dir='ltr'>quomodo</span> <span class='ocrx_word' id='word_1_69' title='bbox 383 1683 499 1750; x_wconf 87' lang='lat' dir='ltr'>labores</span> <span class='ocrx_word' id='word_1_70' title='bbox 531 1681 657 1748; x_wconf 84' lang='lat' dir='ltr'>tolerare</span> <span class='ocrx_word' id='word_1_71' title='bbox 690 1681 829 1748; x_wconf 81' lang='lat' dir='ltr'>debeant.</span> <span class='ocrx_word' id='word_1_72' title='bbox 874 1681 934 1747; x_wconf 85' lang='lat' dir='ltr'>Sed</span> <span class='ocrx_word' id='word_1_73' title='bbox 967 1682 1065 1748; x_wconf 85' lang='lat' dir='ltr'>maius</span> <span class='ocrx_word' id='word_1_74' title='bbox 1096 1683 1207 1752; x_wconf 86' lang='lat' dir='ltr'>malum</span> <span class='ocrx_word' id='word_1_75' title='bbox 1228 1707 1320 1772; x_wconf 85' lang='lat' dir='ltr'>quam</span> 
     </span>
     <span class='ocr_line' id='line_1_12' title="bbox 196 1801 1324 1890; baseline -0.001 -18"><span class='ocrx_word' id='word_1_76' title='bbox 196 1807 278 1872; x_wconf 89' lang='lat' dir='ltr'>calor</span> <span class='ocrx_word' id='word_1_77' title='bbox 317 1813 349 1871; x_wconf 90' lang='lat' dir='ltr'>et</span> <span class='ocrx_word' id='word_1_78' title='bbox 390 1804 458 1870; x_wconf 88' lang='lat' dir='ltr'>sitis</span> <span class='ocrx_word' id='word_1_79' title='bbox 495 1803 630 1884; x_wconf 82' lang='lat' dir='ltr'>exstitit,</span> <span class='ocrx_word' id='word_1_80' title='bbox 670 1825 779 1889; x_wconf 87' lang='lat' dir='ltr'>magna</span> <span class='ocrx_word' id='word_1_81' title='bbox 811 1801 892 1867; x_wconf 91' lang='lat' dir='ltr'>enim</span> <span class='ocrx_word' id='word_1_82' title='bbox 925 1801 1013 1890; x_wconf 82' lang='lat' dir='ltr'>copis</span> <span class='ocrx_word' id='word_1_83' title='bbox 1047 1802 1231 1890; x_wconf 80' lang='lat' dir='ltr'>serpentium</span> <span class='ocrx_word' id='word_1_84' title='bbox 1264 1803 1324 1872; x_wconf 89' lang='lat' dir='ltr'>iter</span> 
     </span>
     <span class='ocr_line' id='line_1_13' title="bbox 195 1920 1323 2012; baseline 0.001 -23"><span class='ocrx_word' id='word_1_85' title='bbox 195 1925 333 1990; x_wconf 83' lang='lat' dir='ltr'>infestet.</span> <span class='ocrx_word' id='word_1_86' title='bbox 389 1922 478 1988; x_wconf 83' lang='lat' dir='ltr'>Unde</span> <span class='ocrx_word' id='word_1_87' title='bbox 518 1927 624 1988; x_wconf 90' lang='lat' dir='ltr'>tantus</span> <span class='ocrx_word' id='word_1_88' title='bbox 658 1921 691 1986; x_wconf 95' lang='lat' dir='ltr'>in</span> <span class='ocrx_word' id='word_1_89' title='bbox 723 1920 857 1988; x_wconf 78' lang='lat' dir='ltr'>Africum</span> <span class='ocrx_word' id='word_1_90' title='bbox 891 1943 1035 1988; x_wconf 88' lang='lat' dir='ltr'>numerus</span> <span class='ocrx_word' id='word_1_91' title='bbox 1067 1922 1200 2002; x_wconf 86' lang='lat' dir='ltr'>venerit,</span> <span class='ocrx_word' id='word_1_92' title='bbox 1233 1929 1323 2012; x_wconf 76' lang='lat' dir='ltr'>putto</span> 
     </span>
     <span class='ocr_line' id='line_1_14' title="bbox 196 2039 1324 2132; baseline 0 -23"><span class='ocrx_word' id='word_1_93' title='bbox 196 2050 303 2132; x_wconf 86' lang='lat' dir='ltr'>rogat,</span> <span class='ocrx_word' id='word_1_94' title='bbox 334 2042 454 2128; x_wconf 80' lang='lat' dir='ltr'>roganti</span> <span class='ocrx_word' id='word_1_95' title='bbox 483 2041 548 2128; x_wconf 90' lang='lat' dir='ltr'>ipse</span> <span class='ocrx_word' id='word_1_96' title='bbox 580 2039 759 2128; x_wconf 87' lang='lat' dir='ltr'>respondet,</span> <span class='ocrx_word' id='word_1_97' title='bbox 794 2041 939 2106; x_wconf 86' lang='lat' dir='ltr'>Perseum</span> <span class='ocrx_word' id='word_1_98' title='bbox 979 2040 1116 2129; x_wconf 85' lang='lat' dir='ltr'>Gorgoni</span> <span class='ocrx_word' id='word_1_99' title='bbox 1142 2047 1236 2130; x_wconf 79' lang='lat' dir='ltr'>eaput</span> <span class='ocrx_word' id='word_1_100' title='bbox 1256 2042 1324 2110; x_wconf 84' lang='lat' dir='ltr'>abs·</span> 
     </span>
     <span class='ocr_line' id='line_1_15' title="bbox 163 2159 1325 2248; baseline -0.002 -16"><span class='ocrx_word' id='word_1_101' title='bbox 163 2225 165 2232; x_wconf 82' lang='grc'>,</span> <span class='ocrx_word' id='word_1_102' title='bbox 197 2162 326 2243; x_wconf 85' lang='lat' dir='ltr'>cidisse,</span> <span class='ocrx_word' id='word_1_103' title='bbox 361 2184 473 2248; x_wconf 84' lang='lat' dir='ltr'>angues</span> <span class='ocrx_word' id='word_1_104' title='bbox 509 2161 618 2226; x_wconf 88' lang='lat' dir='ltr'>deinde</span> <span class='ocrx_word' id='word_1_105' title='bbox 644 2182 697 2248; x_wconf 94' lang='lat' dir='ltr'>per</span> <span class='ocrx_word' id='word_1_106' title='bbox 730 2166 798 2225; x_wconf 69' lang='lat' dir='ltr'>aire</span> <span class='ocrx_word' id='word_1_107' title='bbox 828 2182 918 2248; x_wconf 88' lang='lat' dir='ltr'>super</span> <span class='ocrx_word' id='word_1_108' title='bbox 947 2159 1076 2248; x_wconf 78' lang='lat' dir='ltr'>Libyam</span> <span class='ocrx_word' id='word_1_109' title='bbox 1109 2161 1243 2244; x_wconf 80' lang='lat' dir='ltr'>volasse,</span> <span class='ocrx_word' id='word_1_110' title='bbox 1270 2163 1325 2230; x_wconf 91' lang='lat' dir='ltr'>ubi</span> 
     </span>
     <span class='ocr_line' id='line_1_16' title="bbox 193 2278 1325 2366; baseline 0.003 -21"><span class='ocrx_word' id='word_1_111' title='bbox 193 2278 235 2346; x_wconf 74' lang='lat' dir='ltr'>&#39;ex</span> <span class='ocrx_word' id='word_1_112' title='bbox 269 2302 375 2345; x_wconf 87' lang='lat' dir='ltr'>cruore</span> <span class='ocrx_word' id='word_1_113' title='bbox 407 2279 561 2366; x_wconf 86' lang='lat' dir='ltr'>Gorgonis</span> <span class='ocrx_word' id='word_1_114' title='bbox 584 2278 754 2344; x_wconf 76' lang='lat' dir='ltr'>destillante</span> <span class='ocrx_word' id='word_1_115' title='bbox 776 2284 863 2344; x_wconf 84' lang='lat' dir='ltr'>natos</span> <span class='ocrx_word' id='word_1_116' title='bbox 884 2300 958 2346; x_wconf 86' lang='lat' dir='ltr'>esse.</span> <span class='ocrx_word' id='word_1_117' title='bbox 1003 2279 1064 2346; x_wconf 90' lang='lat' dir='ltr'>Per</span> <span class='ocrx_word' id='word_1_118' title='bbox 1084 2279 1159 2347; x_wconf 79' lang='lat' dir='ltr'>haee</span> <span class='ocrx_word' id='word_1_119' title='bbox 1181 2280 1325 2348; x_wconf 81' lang='lat' dir='ltr'>immunia</span> 
     </span>
     <span class='ocr_line' id='line_1_17' title="bbox 122 2399 1325 2478; baseline 0.002 -13"><span class='ocrx_word' id='word_1_120' title='bbox 122 2473 123 2477; x_wconf 7' lang='grc' dir='ltr'><strong>Ἰ</strong></span> <span class='ocrx_word' id='word_1_121' title='bbox 198 2407 231 2466; x_wconf 91' lang='lat' dir='ltr'>et</span> <span class='ocrx_word' id='word_1_122' title='bbox 255 2401 408 2465; x_wconf 81' lang='lat' dir='ltr'>horrorem</span> <span class='ocrx_word' id='word_1_123' title='bbox 432 2399 588 2465; x_wconf 82' lang='lat' dir='ltr'>mouentis</span> <span class='ocrx_word' id='word_1_124' title='bbox 609 2399 762 2478; x_wconf 86' lang='lat' dir='ltr'>animalia,</span> <span class='ocrx_word' id='word_1_125' title='bbox 792 2399 871 2464; x_wconf 79' lang='lat' dir='ltr'>Cato</span> <span class='ocrx_word' id='word_1_126' title='bbox 893 2420 962 2466; x_wconf 88' lang='lat' dir='ltr'>eum</span> <span class='ocrx_word' id='word_1_127' title='bbox 984 2399 1243 2468; x_wconf 83' lang='lat' dir='ltr'>commilitonibus</span> <span class='ocrx_word' id='word_1_128' title='bbox 1266 2401 1325 2468; x_wconf 89' lang='lat' dir='ltr'>iter</span> 
     </span>
     <span class='ocr_line' id='line_1_18' title="bbox 198 2518 1325 2608; baseline 0.003 -23"><span class='ocrx_word' id='word_1_129' title='bbox 198 2520 293 2600; x_wconf 85' lang='lat' dir='ltr'>facit,</span> <span class='ocrx_word' id='word_1_130' title='bbox 329 2541 460 2605; x_wconf 88' lang='lat' dir='ltr'>quorum</span> <span class='ocrx_word' id='word_1_131' title='bbox 496 2518 623 2606; x_wconf 83' lang='lat' dir='ltr'>plurimi</span> <span class='ocrx_word' id='word_1_132' title='bbox 659 2542 677 2584; x_wconf 83' lang='lat' dir='ltr'>s</span> <span class='ocrx_word' id='word_1_133' title='bbox 705 2518 898 2605; x_wconf 81' lang='lat' dir='ltr'>serpentibus</span> <span class='ocrx_word' id='word_1_134' title='bbox 929 2519 1102 2608; x_wconf 85' lang='lat' dir='ltr'>interempti</span> <span class='ocrx_word' id='word_1_135' title='bbox 1134 2519 1256 2588; x_wconf 76' lang='lat' dir='ltr'>acerbae</span> <span class='ocrx_word' id='word_1_136' title='bbox 1288 2545 1325 2588; x_wconf 83' lang='lat' dir='ltr'>so</span> 
     </span>
     <span class='ocr_line' id='line_1_19' title="bbox 197 2637 1324 2726; baseline 0.004 -22"><span class='ocrx_word' id='word_1_137' title='bbox 197 2639 296 2705; x_wconf 82' lang='lat' dir='ltr'>atroci</span> <span class='ocrx_word' id='word_1_138' title='bbox 318 2638 410 2704; x_wconf 86' lang='lat' dir='ltr'>morti</span> <span class='ocrx_word' id='word_1_139' title='bbox 433 2637 645 2704; x_wconf 81' lang='lat' dir='ltr'>succumbunt.</span> <span class='ocrx_word' id='word_1_140' title='bbox 679 2637 821 2704; x_wconf 73' lang='lat' dir='ltr'>Lucanus</span> <span class='ocrx_word' id='word_1_141' title='bbox 851 2639 939 2706; x_wconf 81' lang='lat' dir='ltr'>foeda</span> <span class='ocrx_word' id='word_1_142' title='bbox 961 2639 1117 2726; x_wconf 79' lang='lat' dir='ltr'>depingit,</span> <span class='ocrx_word' id='word_1_143' title='bbox 1140 2640 1324 2708; x_wconf 84' lang='lat' dir='ltr'>tristissimis</span> 
     </span>
     <span class='ocr_line' id='line_1_20' title="bbox 198 2755 1324 2843; baseline 0.002 -18"><span class='ocrx_word' id='word_1_144' title='bbox 198 2759 351 2825; x_wconf 81' lang='lat' dir='ltr'>coloribus</span> <span class='ocrx_word' id='word_1_145' title='bbox 373 2759 481 2839; x_wconf 88' lang='lat' dir='ltr'>utitur,</span> <span class='ocrx_word' id='word_1_146' title='bbox 505 2780 567 2843; x_wconf 91' lang='lat' dir='ltr'>quo</span> <span class='ocrx_word' id='word_1_147' title='bbox 600 2756 747 2822; x_wconf 83' lang='lat' dir='ltr'>maximus</span> <span class='ocrx_word' id='word_1_148' title='bbox 777 2755 891 2824; x_wconf 73' lang='lat' dir='ltr'>labores</span> <span class='ocrx_word' id='word_1_149' title='bbox 921 2765 952 2824; x_wconf 89' lang='lat' dir='ltr'>et</span> <span class='ocrx_word' id='word_1_150' title='bbox 980 2757 1171 2824; x_wconf 82' lang='lat' dir='ltr'>difficultates</span> <span class='ocrx_word' id='word_1_151' title='bbox 1193 2759 1256 2826; x_wconf 83' lang='lat' dir='ltr'>fere</span> <span class='ocrx_word' id='word_1_152' title='bbox 1278 2761 1324 2826; x_wconf 91' lang='lat' dir='ltr'>in·</span> 
     </span>
     <span class='ocr_line' id='line_1_21' title="bbox 198 2876 1205 2966; baseline 0.002 -22"><span class='ocrx_word' id='word_1_153' title='bbox 198 2877 392 2965; x_wconf 81' lang='lat' dir='ltr'>explicabiles</span> <span class='ocrx_word' id='word_1_154' title='bbox 414 2877 538 2957; x_wconf 75' lang='lat' dir='ltr'>doceat,</span> <span class='ocrx_word' id='word_1_155' title='bbox 562 2876 744 2962; x_wconf 84' lang='lat' dir='ltr'>quibuscum</span> <span class='ocrx_word' id='word_1_156' title='bbox 767 2876 877 2942; x_wconf 84' lang='lat' dir='ltr'>Catoni</span> <span class='ocrx_word' id='word_1_157' title='bbox 899 2877 1095 2966; x_wconf 78' lang='lat' dir='ltr'>pugnandum</span> <span class='ocrx_word' id='word_1_158' title='bbox 1118 2885 1205 2946; x_wconf 84' lang='lat' dir='ltr'>esset.</span> 
     </span>
    </p>

    <p class='ocr_par' dir='ltr' id='par_1_6' title="bbox 200 2997 1408 3920">
     <span class='ocr_line' id='line_1_22' title="bbox 244 2997 1325 3086; baseline 0.004 -24"><span class='ocrx_word' id='word_1_159' title='bbox 244 2998 424 3084; x_wconf 86' lang='lat' dir='ltr'>Numquam</span> <span class='ocrx_word' id='word_1_160' title='bbox 441 2997 592 3063; x_wconf 88' lang='lat' dir='ltr'>militibus</span> <span class='ocrx_word' id='word_1_161' title='bbox 610 2998 744 3083; x_wconf 82' lang='lat' dir='ltr'>quietem</span> <span class='ocrx_word' id='word_1_162' title='bbox 759 2997 952 3064; x_wconf 83' lang='lat' dir='ltr'>vehementer</span> <span class='ocrx_word' id='word_1_163' title='bbox 966 3003 1100 3086; x_wconf 84' lang='lat' dir='ltr'>optatam</span> <span class='ocrx_word' id='word_1_164' title='bbox 1115 3020 1221 3086; x_wconf 78' lang='lat' dir='ltr'>cepere</span> <span class='ocrx_word' id='word_1_165' title='bbox 1238 2999 1325 3084; x_wconf 85' lang='lat' dir='ltr'>lieet,</span> 
     </span>
     <span class='ocr_line' id='line_1_23' title="bbox 200 3114 1324 3204; baseline 0.004 -21"><span class='ocrx_word' id='word_1_166' title='bbox 200 3140 319 3204; x_wconf 87' lang='lat' dir='ltr'>semper</span> <span class='ocrx_word' id='word_1_167' title='bbox 344 3118 427 3182; x_wconf 85' lang='lat' dir='ltr'>enim</span> <span class='ocrx_word' id='word_1_168' title='bbox 458 3123 611 3204; x_wconf 83' lang='lat' dir='ltr'>serpentes</span> <span class='ocrx_word' id='word_1_169' title='bbox 644 3115 700 3181; x_wconf 88' lang='lat' dir='ltr'>snb</span> <span class='ocrx_word' id='word_1_170' title='bbox 736 3114 832 3182; x_wconf 81' lang='lat' dir='ltr'>cubili</span> <span class='ocrx_word' id='word_1_171' title='bbox 864 3115 991 3182; x_wconf 74' lang='lat' dir='ltr'>latentes</span> <span class='ocrx_word' id='word_1_172' title='bbox 1020 3115 1058 3182; x_wconf 83' lang='lat' dir='ltr'>iis</span> <span class='ocrx_word' id='word_1_173' title='bbox 1089 3116 1217 3184; x_wconf 86' lang='lat' dir='ltr'>timendi</span> <span class='ocrx_word' id='word_1_174' title='bbox 1243 3126 1324 3188; x_wconf 80' lang='lat' dir='ltr'>suut.</span> 
     </span>
     <span class='ocr_line' id='line_1_24' title="bbox 200 3233 1326 3324; baseline 0.002 -22"><span class='ocrx_word' id='word_1_175' title='bbox 200 3236 351 3320; x_wconf 79' lang='lat' dir='ltr'>Querelae</span> <span class='ocrx_word' id='word_1_176' title='bbox 365 3235 490 3321; x_wconf 84' lang='lat' dir='ltr'>quidem</span> <span class='ocrx_word' id='word_1_177' title='bbox 505 3235 680 3316; x_wconf 84' lang='lat' dir='ltr'>audiuntur,</span> <span class='ocrx_word' id='word_1_178' title='bbox 704 3257 781 3322; x_wconf 82' lang='lat' dir='ltr'>quas</span> <span class='ocrx_word' id='word_1_179' title='bbox 795 3240 896 3302; x_wconf 86' lang='lat' dir='ltr'>autem</span> <span class='ocrx_word' id='word_1_180' title='bbox 907 3233 984 3302; x_wconf 82' lang='lat' dir='ltr'>Oete</span> <span class='ocrx_word' id='word_1_181' title='bbox 1003 3234 1148 3324; x_wconf 81' lang='lat' dir='ltr'>petieratis</span> <span class='ocrx_word' id='word_1_182' title='bbox 1163 3258 1218 3304; x_wconf 83' lang='lat' dir='ltr'>sus</span> <span class='ocrx_word' id='word_1_183' title='bbox 1233 3243 1326 3324; x_wconf 86' lang='lat' dir='ltr'>atquo</span> 
     </span>
     <span class='ocr_line' id='line_1_25' title="bbox 202 3352 1326 3442; baseline 0.004 -22"><span class='ocrx_word' id='word_1_184' title='bbox 202 3378 322 3422; x_wconf 86' lang='lat' dir='ltr'>summa</span> <span class='ocrx_word' id='word_1_185' title='bbox 345 3356 458 3420; x_wconf 75' lang='lat' dir='ltr'>virtme</span> <span class='ocrx_word' id='word_1_186' title='bbox 486 3361 645 3436; x_wconf 84' lang='lat' dir='ltr'>exoneret,</span> <span class='ocrx_word' id='word_1_187' title='bbox 680 3354 712 3420; x_wconf 91' lang='lat' dir='ltr'>iu</span> <span class='ocrx_word' id='word_1_188' title='bbox 739 3354 818 3422; x_wconf 80' lang='lat' dir='ltr'>nuda</span> <span class='ocrx_word' id='word_1_189' title='bbox 840 3376 929 3422; x_wconf 81' lang='lat' dir='ltr'>urens</span> <span class='ocrx_word' id='word_1_190' title='bbox 951 3352 1079 3422; x_wconf 81' lang='lat' dir='ltr'>excubat</span> <span class='ocrx_word' id='word_1_191' title='bbox 1103 3359 1194 3442; x_wconf 80' lang='lat' dir='ltr'>etque</span> <span class='ocrx_word' id='word_1_192' title='bbox 1217 3355 1326 3424; x_wconf 82' lang='lat' dir='ltr'>Fortu·</span> 
     </span>
     <span class='ocr_line' id='line_1_26' title="bbox 202 3473 1326 3562; baseline 0.004 -22"><span class='ocrx_word' id='word_1_193' title='bbox 202 3498 275 3540; x_wconf 84' lang='lat' dir='ltr'>uam</span> <span class='ocrx_word' id='word_1_194' title='bbox 302 3473 386 3538; x_wconf 90' lang='lat' dir='ltr'>omni</span> <span class='ocrx_word' id='word_1_195' title='bbox 415 3473 491 3539; x_wconf 81' lang='lat' dir='ltr'>hors</span> <span class='ocrx_word' id='word_1_196' title='bbox 519 3479 682 3561; x_wconf 79' lang='lat' dir='ltr'>provocet,</span> <span class='ocrx_word' id='word_1_197' title='bbox 711 3495 901 3562; x_wconf 81' lang='lat' dir='ltr'>quocumque</span> <span class='ocrx_word' id='word_1_198' title='bbox 924 3479 1049 3542; x_wconf 81' lang='lat' dir='ltr'>vocatur</span> <span class='ocrx_word' id='word_1_199' title='bbox 1078 3475 1210 3544; x_wconf 81' lang='lat' dir='ltr'>sdvolat.</span> <span class='ocrx_word' id='word_1_200' title='bbox 1257 3475 1326 3544; x_wconf 82' lang='lat' dir='ltr'>Uno</span> 
     </span>
     <span class='ocr_line' id='line_1_27' title="bbox 203 3591 1326 3686; baseline 0.002 -26"><span class='ocrx_word' id='word_1_201' title='bbox 203 3598 325 3660; x_wconf 89' lang='lat' dir='ltr'>tantum</span> <span class='ocrx_word' id='word_1_202' title='bbox 348 3614 422 3680; x_wconf 86' lang='lat' dir='ltr'>gens</span> <span class='ocrx_word' id='word_1_203' title='bbox 445 3592 569 3658; x_wconf 82' lang='lat' dir='ltr'>innoxia</span> <span class='ocrx_word' id='word_1_204' title='bbox 592 3616 610 3658; x_wconf 78' lang='lat' dir='ltr'>a</span> <span class='ocrx_word' id='word_1_205' title='bbox 631 3592 814 3682; x_wconf 81' lang='lat' dir='ltr'>serpentium</span> <span class='ocrx_word' id='word_1_206' title='bbox 837 3593 920 3660; x_wconf 81' lang='lat' dir='ltr'>letali</span> <span class='ocrx_word' id='word_1_207' title='bbox 938 3612 1049 3662; x_wconf 76' lang='lat' dir='ltr'>morsu.</span> <span class='ocrx_word' id='word_1_208' title='bbox 1074 3591 1114 3660; x_wconf 89' lang='lat' dir='ltr'>Hi</span> <span class='ocrx_word' id='word_1_209' title='bbox 1132 3599 1203 3662; x_wconf 81' lang='lat' dir='ltr'>suut</span> <span class='ocrx_word' id='word_1_210' title='bbox 1214 3592 1309 3686; x_wconf 80' lang='lat' dir='ltr'>Psylli</span> <span class='ocrx_word' id='word_1_211' title='bbox 1316 3623 1326 3678; x_wconf 67' lang='grc' dir='ltr'><strong><em>ς</em></strong></span> 
     </span>
     <span class='ocr_line' id='line_1_28' title="bbox 203 3710 1325 3804; baseline 0.004 -26"><span class='ocrx_word' id='word_1_212' title='bbox 203 3717 313 3778; x_wconf 81' lang='lat' dir='ltr'>natura</span> <span class='ocrx_word' id='word_1_213' title='bbox 334 3712 488 3792; x_wconf 87' lang='lat' dir='ltr'>looorum,</span> <span class='ocrx_word' id='word_1_214' title='bbox 511 3733 588 3798; x_wconf 83' lang='lat' dir='ltr'>quos</span> <span class='ocrx_word' id='word_1_215' title='bbox 605 3710 743 3778; x_wconf 84' lang='lat' dir='ltr'>habitant</span> <span class='ocrx_word' id='word_1_216' title='bbox 765 3710 873 3794; x_wconf 84' lang='lat' dir='ltr'>etleeit,</span> <span class='ocrx_word' id='word_1_217' title='bbox 894 3717 928 3780; x_wconf 86' lang='lat' dir='ltr'>ut</span> <span class='ocrx_word' id='word_1_218' title='bbox 947 3711 1036 3780; x_wconf 83' lang='lat' dir='ltr'>mixti</span> <span class='ocrx_word' id='word_1_219' title='bbox 1060 3711 1247 3804; x_wconf 80' lang='lat' dir='ltr'>serpentibus</span> <span class='ocrx_word' id='word_1_220' title='bbox 1270 3714 1325 3782; x_wconf 88' lang='lat' dir='ltr'>im·</span> 
     </span>
     <span class='ocr_line' id='line_1_29' title="bbox 205 3829 1408 3920; baseline 0.007 -23"><span class='ocrx_word' id='word_1_221' title='bbox 205 3854 312 3898; x_wconf 90' lang='lat' dir='ltr'>munes</span> <span class='ocrx_word' id='word_1_222' title='bbox 341 3831 415 3897; x_wconf 87' lang='lat' dir='ltr'>sint.</span> <span class='ocrx_word' id='word_1_223' title='bbox 460 3831 557 3896; x_wconf 78' lang='lat' dir='ltr'>Tanto</span> <span class='ocrx_word' id='word_1_224' title='bbox 585 3829 695 3898; x_wconf 80' lang='lat' dir='ltr'>fiducie</span> <span class='ocrx_word' id='word_1_225' title='bbox 727 3829 764 3898; x_wconf 86' lang='lat' dir='ltr'>iis</span> <span class='ocrx_word' id='word_1_226' title='bbox 794 3829 951 3920; x_wconf 78' lang='lat' dir='ltr'>seraguiuis</span> <span class='ocrx_word' id='word_1_227' title='bbox 984 3837 1043 3916; x_wconf 78' lang='lat' dir='ltr'>su,</span> <span class='ocrx_word' id='word_1_228' title='bbox 1087 3837 1120 3900; x_wconf 88' lang='lat' dir='ltr'>ut</span> <span class='ocrx_word' id='word_1_229' title='bbox 1160 3831 1231 3900; x_wconf 83' lang='lat' dir='ltr'>loeti</span> <span class='ocrx_word' id='word_1_230' title='bbox 1265 3833 1327 3904; x_wconf 83' lang='lat' dir='ltr'>lere</span> <span class='ocrx_word' id='word_1_231' title='bbox 1406 3900 1408 3905; x_wconf 88' lang='lat'><em>.</em></span> 
     </span>
    </p>
   </div>
   <div class='ocr_carea' id='block_1_3' title="bbox 197 4063 433 4074">
    <p class='ocr_par' dir='ltr' id='par_1_7' title="bbox 197 4063 433 4074">
     <span class='ocr_line' id='line_1_30' title="bbox 197 4063 433 4074; baseline -0.008 -2"><span class='ocrx_word' id='word_1_232' title='bbox 197 4063 433 4074; x_wconf 79' lang='lat'><strong>...-—-———-</strong></span> 
     </span>
    </p>
   </div>
   <div class='ocr_carea' id='block_1_4' title="bbox 238 4217 721 4292">
    <p class='ocr_par' dir='ltr' id='par_1_8' title="bbox 238 4217 721 4292">
     <span class='ocr_line' id='line_1_31' title="bbox 238 4217 721 4292; baseline 0.008 -19"><span class='ocrx_word' id='word_1_233' title='bbox 238 4219 260 4288; x_wconf 91' lang='lat'>¹)</span> <span class='ocrx_word' id='word_1_234' title='bbox 279 4217 368 4274; x_wconf 74' lang='lat' dir='ltr'>uenae.</span> <span class='ocrx_word' id='word_1_235' title='bbox 387 4219 451 4274; x_wconf 76' lang='lat' dir='ltr'>liet,</span> <span class='ocrx_word' id='word_1_236' title='bbox 469 4217 580 4289; x_wconf 72' lang='lat' dir='ltr'>Quaeri.</span> <span class='ocrx_word' id='word_1_237' title='bbox 598 4235 642 4292; x_wconf 78' lang='lat' dir='ltr'>pg.</span> <span class='ocrx_word' id='word_1_238' title='bbox 662 4217 721 4278; x_wconf 71' lang='lat' dir='ltr'>itt.</span> 
     </span>
    </p>
   </div>
   <div class='ocr_carea' id='block_1_5' title="bbox 0 0 1670 5138">
    <p class='ocr_par' dir='ltr' id='par_1_9' title="bbox 0 0 1670 5138">
     <span class='ocr_line' id='line_1_32' title="bbox 0 0 1670 5138; baseline 0 0"><span class='ocrx_word' id='word_1_239' title='bbox 0 0 1670 5138; x_wconf 95' lang='lat' dir='ltr'> </span> 
     </span>
    </p>
   </div>
  </div>
 </body>
</html>
