3296 5132
837 420 878 483 38

299 625 436 694 DCOIV.
466 628 506 693 U.
535 624 571 692 0.
596 626 630 712 [9
656 625 727 690 Dec.
751 628 794 688 49
818 649 834 688 a
857 623 891 689 (t.
915 625 961 710 n.]
987 624 1139 704 tribunatu
1163 647 1195 689 se
1218 623 1313 710 plebis
1331 621 1414 686 abdi·

297 747 444 830 caverat),
479 745 587 810 ducem
621 743 716 809 varias
740 765 825 808 curas
853 744 1022 808 volventem
1050 744 1231 829 alloquitur,
1259 750 1293 808 ut
1318 743 1414 807 verbis

298 864 431 928 animum
473 863 501 928 ei
540 861 631 927 addat
672 850 929 946 haesitantemque
971 863 1135 928 confirmet.
1181 861 1280 927 Verba
1315 868 1413 927 autem

298 1005 373 1068 quae
407 983 547 1047 Lucanus
582 980 702 1068 scripsit
729 981 887 1044 manifesto
911 982 979 1045 ficta
1004 987 1091 1060 sunt,
1125 979 1247 1045 anullo
1271 981 1415 1067 scriptore

299 1102 380 1166 enim
415 1099 572 1165 memoriae
594 1099 714 1185 prodita
736 1105 823 1176 sunt,
859 1122 952 1184 quum
976 1105 1076 1163 tamen
1100 1098 1236 1163 Caesaris
1260 1101 1416 1183 sequentia
1493 1118 1499 1122 ·

301 1220 424 1286 eandem
460 1219 519 1284 fere
555 1217 734 1282 sententiam
769 1218 913 1298 habeant,
956 1241 1046 1302 quam
1081 1241 1118 1282 ex
1155 1217 1296 1282 contione
1336 1218 1415 1304 apud

299 1337 452 1403 Caesarem
498 1337 597 1423 ipsum
638 1335 808 1422 colligimus
839 1340 875 1422 1).
942 1337 1041 1417 ,Socii
1087 1337 1231 1401 bellorum
1281 1374 1324 1386 -
1373 1338 1417 1402 sic

298 1457 438 1522 Lucanus
477 1455 631 1521 Caesarem
656 1456 878 1521 contionantem
899 1443 1015 1521 inducit
1040 1494 1081 1505 -
1107 1458 1159 1542 qui
1182 1457 1264 1522 mille
1287 1457 1418 1543 pericula

299 1597 417 1641 mecum
439 1575 553 1662 experti
576 1573 692 1640 decimo
720 1576 778 1639 iam
806 1575 926 1640 vincitis
950 1599 1045 1656 anno,
1076 1599 1148 1640 num
1177 1598 1264 1640 cruor
1291 1576 1418 1640 diffusus

299 1695 375 1760 hanc
409 1694 620 1759 contumeliam
651 1694 779 1759 meruit?
827 1695 874 1759 Sit
905 1694 980 1759 milri
1005 1717 1117 1759 merces
1140 1694 1277 1760 laborum
1300 1700 1417 1780 erepta:

299 1813 386 1880 vobis
408 1813 514 1878 saltem
536 1812 666 1899 praemia
685 1812 754 1878 belli
776 1812 970 1879 reddantur.’'
1017 1815 1109 1900 Apud
1129 1815 1302 1879 Caesarem:
1329 1814 1418 1893 ,Dux

299 1939 459 2019 postquam
493 1931 738 1996 commemoravit
761 1931 887 1996 iniurias
912 1932 1117 2014 inimicorum,
1153 1940 1312 2019 postquam
1339 1933 1417 1998 invi·

300 2051 379 2116 diam
403 2058 433 2116 et
456 2051 703 2116 obtrectationem
726 2051 863 2136 Pompeii
888 2058 1011 2136 questus
1040 2059 1101 2131 est,
1126 2051 1175 2115 cui
1199 2073 1315 2136 semper
1338 2051 1418 2116 fave·

302 2171 342 2236 rit
376 2178 467 2256 atque
489 2171 610 2236 adiutor
640 2171 748 2250 fuerit,
784 2177 943 2256 postquam
965 2171 1037 2234 novi
1059 2171 1091 2234 in
1114 2169 1268 2256 republica
1291 2171 1420 2256 exempli

300 2289 463 2356 introducti
487 2291 669 2355 mentionem
692 2290 765 2355 fecit
789 2297 822 2353 ut
845 2289 1004 2355 tribunicia
1028 2290 1200 2354 intercessio
1223 2289 1314 2354 armis
1337 2299 1419 2354 nota·

302 2419 383 2476 retur
406 2415 437 2473 et
458 2409 686 2495 opprimeretur,
711 2407 824 2472 milites
842 2408 989 2488 hortatur,
1014 2408 1100 2473 cuius
1117 2407 1306 2494 imperatoris
1327 2409 1420 2473 ductu

302 2550 410 2593 novem
444 2527 528 2590 aunis
557 2527 769 2612 rempublicam
793 2527 965 2593 felicissime
994 2528 1153 2614 gessissent
1178 2534 1213 2593 ut
1236 2527 1301 2592 eius
1324 2529 1423 2594 existi·

301 2648 463 2714 mationem
485 2647 726 2734 dignitatemque
749 2647 786 2713 ab
807 2648 938 2713 inimicis
962 2648 1156 2717 defendant'’.

348 2766 445 2832 Ambo
480 2789 620 2853 responsa
651 2768 712 2832 fere
746 2768 871 2832 eandem
907 2768 967 2834 vim
1000 2769 1130 2849 habent3
1165 2770 1245 2856 apud
1269 2771 1423 2835 Caesarem

305 2887 452 2974 legionem
475 2885 559 2950 Xlll
583 2887 768 2952 conclamare
792 2887 947 2968 audimus,
970 2911 1032 2952 sese
1055 2895 1173 2974 paratos
1192 2889 1424 2975 esseimperato·

303 3006 344 3072 ris
378 3005 426 3070 sui
461 2993 710 3091 tribunorumque
737 3006 835 3093 plebis
864 3007 988 3071 iniurias
1012 3007 1185 3088 defendere,
1221 3030 1315 3093 quum
1346 3011 1425 3096 apud

306 3128 463 3193 Lucanum
497 3126 629 3192 militurn
659 3127 831 3213 opinionem
865 3150 917 3214 per
955 3127 1179 3213 primumpilum
1210 3129 1424 3213 nescioquem

306 3245 442 3312 Laelium
472 3245 599 3327 indicet,
632 3248 685 3332 qni
709 3246 845 3333 longiore
868 3247 1003 3312 oratione
1033 3247 1162 3313 eundem
1185 3248 1423 3313 commilitonum

308 3366 441 3430 animum
465 3373 602 3432 testatur.

345 3483 472 3550 Orosius
512 3484 563 3549 hic
603 3508 657 3550 nos
698 3485 828 3551 breviter
870 3485 958 3549 docet
992 3507 1068 3569 quae
1101 3486 1241 3551 Lucanus
1275 3486 1426 3572 copiosius

308 3604 455 3669 narravit:
505 3603 662 3669 Caesarem
716 3604 827 3668 milites
867 3603 1058 3669 adhortatum
1092 3627 1171 3686 esse,
1215 3627 1324 3690 eosque
1358 3605 1425 3669 edo·

305 3722 401 3788 cuisse
425 3723 499 3808 quid
522 3725 602 3789 lacto
626 3746 702 3811 opas
725 3731 811 3791 esset.
857 3723 963 3811 Ipsum
987 3724 1111 3790 Livium
1135 3723 1184 3788 hio
1208 3723 1335 3789 Orosius
1358 3745 1425 3788 auo·

310 3846 403 3906 torem
427 3842 572 3910 nominat.

350 3961 414 4025 lam
443 3960 573 4028 vidimus
604 3963 728 4030 Livium
751 3964 863 4030 nullam
888 3963 1070 4029 mentionem
1094 3965 1200 4042 iecisse
1223 3986 1326 4028 eorum
1349 3985 1426 4047 quae

339 4211 545 4283 neura
