3308 5138
858 437 897 500 82

313 643 474 710 cherrimus
501 666 603 710 versus
633 643 795 729 poematis,
828 650 859 708 et
887 641 926 707 ob
957 643 1115 708 veritatem
1143 643 1319 708 historicam
1343 650 1373 708 et
1397 643 1438 708 ob

315 761 588 848 pulchritudinem,
631 767 720 848 poeta
761 759 874 846 insigni
914 759 1036 846 dignam
1074 767 1159 846 pute.
1206 761 1266 826 His
1299 762 1439 828 versibus

315 881 466 968 specimen
495 879 593 946 denuo
628 880 732 960 datur,
768 901 856 958 eum,
880 879 935 964 qui
969 901 1037 944 vere
1068 886 1158 965 poeta
1181 889 1324 964 vocetur,
1348 905 1438 970 argu·

317 1005 461 1079 mentum,
486 1020 523 1063 ex
539 997 664 1063 historia
686 997 827 1084 petitum,
850 997 966 1084 potitiae
988 1003 1115 1064 tractare
1137 1023 1240 1086 posse,
1264 1001 1337 1068 licet
1356 1002 1439 1068 nulla

317 1139 349 1182 re
372 1117 444 1182 fidei
466 1116 625 1183 historicae
649 1123 763 1183 noceat.
856 1167 858 1174 ,

358 1235 521 1302 Curionem
552 1243 583 1302 et
612 1236 719 1302 Livius
749 1242 779 1302 et
800 1235 908 1302 Florus
930 1242 961 1302 et
983 1235 1111 1302 Orosius
1134 1237 1238 1304 eodem
1262 1239 1351 1305 modo
1376 1261 1438 1326 quo

315 1355 456 1422 Lucanus
489 1355 690 1428 recordantur.
734 1354 871 1420 Primum
894 1354 1014 1420 Livium
1050 1355 1223 1424 audiamus:
1249 1358 1305 1438 ,u
1328 1357 1438 1439 Curio,

314 1473 431 1560 legatus
447 1472 580 1540 Caesaris
603 1474 637 1538 in
660 1474 779 1555 Africa,
797 1496 865 1539 oum
888 1496 1026 1560 prospere
1049 1475 1191 1541 adversus
1211 1477 1335 1558 Varum,
1348 1479 1439 1543 Pom-

316 1593 490 1679 peianarum
511 1593 642 1679 partium
665 1583 781 1675 ducem,
804 1601 968 1680 pugnasset
993 1617 1011 1658 a
1033 1594 1112 1659 Iuba
1139 1617 1208 1681 rege
1235 1595 1438 1662 Mauritaniae

317 1733 386 1777 cum
399 1712 531 1778 exercitu
550 1733 653 1778 caesus
665 1709 741 1777 est”.
775 1711 900 1777 Florus:
926 1712 1038 1793 „Curio
1054 1713 1093 1778 ad
1107 1713 1307 1800 recipiendam
1319 1714 1439 1800 provin-

316 1831 392 1896 ciam
431 1830 564 1896 Afrieam
599 1828 722 1911 missus,
758 1830 844 1916 pulso
871 1831 1038 1918 fugatoque
1072 1830 1152 1897 Varo
1184 1832 1244 1897 iam
1274 1832 1440 1919 superbus,

317 1947 449 2014 subitum
479 1948 573 2015 Iubae
610 1949 690 2035 regis
726 1948 888 2014 adventum
922 1952 1154 2035 equitatumque
1176 1951 1353 2016 Maurorum
1375 1974 1438 2017 sus·

317 2068 413 2134 tinere
434 2091 495 2134 non
522 2068 634 2155 potuit.
679 2067 805 2134 Patebat
827 2068 910 2133 victo
926 2069 998 2155 fuga
1007 2061 1057 2154 11),
1081 2069 1133 2134 sed
1155 2069 1254 2156 pudor
1269 2071 1375 2147 suasit,
1403 2078 1440 2136 ut

221 2187 224 2191 ’
319 2187 427 2253 amissa
456 2211 511 2253 sua
537 2187 707 2254 temeritate
738 2186 901 2252 exercitum
925 2194 1020 2252 morte
1044 2185 1248 2272 sequeretur&
1294 2189 1437 2254 Orosius:

321 2307 433 2389 „Corio
470 2329 507 2371 ex
541 2305 645 2371 Sicilia
679 2306 712 2372 iu
744 2306 881 2370 Africam
903 2328 972 2371 cum
1000 2306 1134 2370 exercitu
1154 2312 1356 2392 transgressus
1373 2314 1437 2386 est,

320 2447 409 2510 quem
443 2423 519 2489 iuba
547 2447 598 2489 rex
625 2424 770 2490 continuo
793 2431 950 2510 exceptum
973 2447 1043 2490 cum
1065 2424 1206 2490 omnibus
1230 2425 1325 2511 copiis
1348 2426 1439 2490 truci·

320 2543 436 2609 davit''.
460 2542 579 2624 Quibus
593 2543 672 2608 inter
694 2565 726 2608 se
749 2519 937 2630 comparatis,
961 2566 1122 2608 consensus
1140 2543 1316 2629 negarinou
1330 2549 1437 2630 potest.

363 2661 438 2728 Non
455 2668 554 2728 tamen
575 2662 655 2728 iusta
678 2668 843 2741 causaest,
874 2685 928 2727 cur
948 2685 1002 2750 pro
1024 2670 1105 2730 certo
1127 2663 1352 2748 perhibeamus,
1377 2663 1438 2728 Lu·

245 2846 246 2850 ,
320 2803 427 2848 cauum
450 2780 574 2847 Liuium
597 2786 667 2846 anta
694 2780 795 2846 oculos
818 2781 974 2862 habuisse,
999 2781 1163 2865 nisiquod
1185 2781 1264 2846 inter
1282 2765 1437 2847 Lucanum

322 2907 352 2968 et
374 2901 502 2967 Dionem
529 2901 680 2982 Cassium,
712 2901 749 2966 de
777 2900 834 2965 hac
857 2923 888 2966 re
911 2900 1104 2981 scribentem,
1127 2923 1181 2988 pro
1204 2901 1333 2967 maxima
1355 2909 1438 2988 parte

322 3043 483 3088 consensus
524 3021 736 3099 intercederet,
779 3020 858 3085 unde
902 3027 1064 3104 utrumque
1105 3021 1187 3086 Livii
1229 3021 1438 3086 auctoritatem

322 3146 458 3206 secutum
481 3163 544 3206 esse
559 3139 704 3226 suspicari
726 3139 806 3205 lieet.
851 3141 949 3204 Paene
972 3139 1046 3226 ipsis
1068 3139 1167 3205 verbis
1187 3140 1339 3206 interdum
1350 3147 1439 3227 poeta

323 3283 393 3326 cum
420 3259 614 3325 historiarum
637 3257 782 3346 scriptore
803 3258 954 3344 congruit,
986 3280 1074 3344 quem
1096 3257 1187 3324 Livio
1209 3281 1297 3326 usum
1316 3281 1380 3324 esse
1402 3258 1438 3324 de

323 3379 372 3444 his
390 3379 478 3444 rebus
498 3377 702 3456 disserentem,
726 3377 834 3442 iterum
856 3398 975 3442 monere
992 3399 1067 3463 opus
1090 3400 1153 3442 esse
1175 3400 1237 3442 non
1249 3377 1437 3443 arbitramur.

322 3497 454 3563 Nullum
480 3503 580 3562 tamen
603 3496 663 3560 Dio
692 3493 812 3560 Cassius
838 3495 985 3562 iudicium
1011 3494 1048 3560 de
1070 3495 1202 3561 Curione
1225 3497 1311 3578 fecit,
1337 3518 1438 3580 quem·

323 3617 485 3682 admodum
518 3617 675 3694 Lucanus,
711 3613 765 3698 qui
799 3635 894 3678 mores
922 3613 1046 3680 laudans
1085 3615 1144 3680 viri
1178 3615 1306 3702 egregii,
1342 3636 1374 3678 se
1408 3621 1437 3677 et

322 3735 441 3800 inimici
467 3734 596 3800 virtutes
627 3733 760 3798 ostendit
783 3733 938 3798 aestimare
959 3754 1055 3818 posse.
1101 3733 1181 3800 Laus
1212 3755 1282 3798 vero
1312 3730 1437 3797 Curioni

311 3985 573 3998 n-——u—-u

353 4141 374 4211 ¹)
393 4139 503 4200 Enoch:
523 4138 619 4205 ,Curio
637 4136 776 4208 inAhica,
794 4134 893 4212 pudore
912 4134 1147 4207 amissiexercitus,
1167 4134 1345 4210 maluitmorr‘,
1363 4154 1440 4214 quam

318 4225 453 4286 eradere.'’
