3308 5138
725 441 766 502 93

228 648 335 714 Caesar
355 647 551 733 quadraginta
567 646 630 710 dies
641 644 754 710 Romae
767 645 892 709 mansit:
913 667 982 710 eum
1002 645 1196 732 semetipsum
1209 645 1301 710 dicta·

184 775 280 833 torem
296 766 553 832 fecisseLuoanns
576 770 694 829 monet:
719 763 769 827 sed
792 762 931 829 undecim
955 763 1157 851 diebuspost,
1182 786 1213 829 se
1235 785 1311 850 cum

183 886 293 952 Publio
326 886 453 952 Servilio
484 883 633 950 consulem
664 881 815 970 apopulo
839 881 930 946 creari
953 881 1042 946 iussit
1055 884 1092 967 1).
1122 881 1302 948 Plutarchus

185 1005 343 1070 manifesto
366 1027 466 1070 errans
488 1003 563 1069 dicit
576 1004 617 1088 2):
644 1001 791 1082 ,sosipatris
816 1001 846 1066 δὲ
874 1000 1024 1083 δικτάτωρ
1041 1002 1098 1068 ὑπὸ
1114 1009 1173 1076 τῆς.
1188 1003 1303 1080 βουλῆς

183 1123 334 1204 φυγάδας
361 1148 396 1188 τε
421 1119 641 1200 assuescat
678 1121 785 1186 Caesar
804 1121 883 1186 enim
906 1121 970 1209 ipse
993 1122 1128 1209 scripsit,
1148 1122 1304 1189 Massiliae

184 1244 222 1308 ad
246 1265 277 1308 se
301 1243 398 1330 legem
419 1242 455 1307 de
479 1241 624 1307 dictatore
646 1242 738 1306 latam
759 1263 839 1324 esse,
864 1265 987 1328 seseque
998 1243 1177 1308 dictatorem
1189 1242 1304 1308 dictum
1373 1303 1375 1312 .

185 1385 202 1426 a
214 1363 259 1428 M.
271 1361 386 1448 Lepido
398 1361 571 1446 cognovisse
584 1362 621 1447 8).
641 1361 708 1426 Ηοο
719 1357 820 1447 ipsum
838 1370 937 1428 autem
960 1369 1063 1428 contra
1078 1363 1173 1450 legem
1193 1385 1305 1449 aprae-

185 1489 249 1546 tore
261 1482 373 1546 factum
394 1487 450 1547 est.
497 1479 610 1545 Consul
625 1480 702 1545 enim
723 1480 898 1546 dictatorem
914 1481 1011 1547 dicere
1030 1487 1163 1569 poterat,
1184 1489 1310 1547 senatus·

185 1601 325 1665 consulto
348 1600 445 1681 lacto,
468 1600 533 1687 lege
557 1601 651 1688 igitur
670 1600 794 1666 curiata.
829 1599 933 1666 Cicero
953 1601 1058 1666 scribit
1077 1601 1114 1667 ad
1128 1601 1265 1668 Atticum
1276 1602 1304 1686 ⁴)

187 1719 371 1805 „Rapiemur
392 1718 594 1785 autabsentes
606 1719 794 1786 rorabimur:
819 1721 865 1786 vel
886 1727 922 1786 ut
941 1721 1078 1787 consules
1090 1728 1176 1809 roget
1186 1727 1305 1808 praetor

187 1839 234 1902 vel
257 1838 433 1903 dictatorem
457 1838 550 1920 dicat,
575 1861 703 1924 quorum
726 1846 867 1904 neutrum
891 1840 939 1904 ius
962 1838 1038 1906 est.''
1070 1838 1221 1926 Populum
1243 1839 1305 1904 dio·

186 1963 314 2020 tutorem
338 1956 435 2021 dicere
458 1957 540 2022 nefas
563 1964 627 2037 est,
652 1958 732 2042 quod
756 1959 878 2044 quidem
905 1960 999 2026 semel
1021 1960 1134 2025 factum
1154 1965 1213 2041 est,
1236 1965 1306 2046 post

186 2097 320 2161 pugnam
349 2075 387 2139 ad
416 2075 515 2140 lacum
545 2076 779 2143 Trasumenum:
811 2079 931 2144 consule
961 2071 1081 2146 absente
1109 2078 1146 2145 ab
1172 2077 1306 2144 exercitu
1370 2095 1375 2108 ·

186 2194 388 2280 prodictatore
421 2193 521 2259 dietus
549 2203 611 2276 est,
636 2197 734 2281 qnod,
758 2197 849 2262 Livio
871 2204 1008 2281 auctore,
1031 2220 1195 2283 numquam
1219 2205 1306 2263 antea

187 2313 301 2378 factum
325 2319 380 2378 est.

236 2431 291 2512 „u
311 2433 419 2498 Caesar
438 2432 469 2496 in
490 2431 645 2498 Graeciam
664 2434 814 2501 traiecit'’.
838 2435 897 2500 His
920 2437 1024 2523 paucis
1040 2437 1161 2519 Liuius,
1183 2459 1229 2503 res
1247 2437 1307 2502 Ro-

192 2575 255 2617 mae
267 2557 298 2616 et
309 2552 346 2616 ad
363 2552 561 2617 Brundisium
580 2560 679 2639 gestas
691 2555 945 2640 praetermittens,
966 2556 1003 2622 ad
1015 2554 1128 2622 bollum
1139 2557 1171 2623 in
1184 2556 1309 2624 Graecia

70 2738 72 2742 ,
190 2679 311 2758 gestum
325 2671 440 2738 transit.
464 2671 574 2757 Neque
585 2673 671 2759 plura
693 2675 800 2740 Florus
823 2675 889 2740 dat:
918 2675 1074 2756 paediam
1098 2675 1232 2742 debitum
1254 2700 1309 2764 par

190 2791 325 2856 Fortuna
346 2792 501 2878 flagitante
523 2793 621 2857 sedem
645 2793 723 2858 bollo
745 2794 908 2882 Pompeius
931 2795 1047 2882 Epiron
1073 2796 1217 2882 elegerat,
1252 2817 1306 2861 nec

191 2910 298 2976 Caesar
319 2910 498 2977 morabatur.
511 2913 536 2997 ⁵)

235 3029 300 3094 Iam
335 3031 425 3095 semel
459 3037 550 3116 atque
584 3032 692 3097 iterum
732 3034 904 3098 notavimus
942 3035 1098 3102 Caesarem
1136 3057 1186 3116 ea,
1231 3058 1308 3120 qnae

192 3125 226 3212 ut
259 3150 400 3214 memoria
433 3151 624 3231 excederent,
655 3175 710 3216 sua
737 3150 910 3234 interesset,
946 3154 1109 3240 prudenter
1140 3155 1305 3220 reticuisse.

192 3267 240 3331 Sic
269 3290 303 3332 ea
332 3290 450 3354 quoque
477 3269 509 3333 in
533 3268 763 3336 Commentariis
786 3272 906 3338 silentio
927 3273 1086 3360 praeterit,
1114 3296 1191 3358 quaa
1213 3272 1307 3338 redux

192 3409 228 3451 ex
261 3386 427 3474 Hispania,
462 3394 621 3474 antequam
653 3390 686 3454 in
708 3389 863 3456 Graeciam
887 3391 1023 3473 traiecit,
1046 3392 1159 3456 Romae
1180 3391 1307 3478 peregit.

176 3639 435 3650 ι-----

223 3799 247 3884 ¹)'
263 3809 338 3868 Caes.
356 3807 404 3866 III
426 3808 450 3867 I.
488 3809 532 3873 ‚la
554 3807 623 3866 enim
642 3810 698 3862 erat
717 3825 816 3874 annus,
835 3825 887 3880 quo
905 3826 951 3881 per
968 3806 1040 3880 leges
1059 3808 1084 3864 ei
1101 3808 1237 3866 consulem
1257 3810 1312 3866 fieri

189 3898 305 3956 ficeret.’'
341 3896 424 3966 Quasi
441 3894 583 3969 quidquam
601 3892 720 3949 (laesuris
738 3892 859 3961 referret,
879 3912 913 3949 an
930 3892 1002 3966 leges
1019 3893 1132 3952 violaret
1150 3896 1241 3953 necne!

224 3986 245 4056 1)
265 3985 339 4040 Caes.
358 3984 401 4042 37.

224 4069 452 4142 &RQUQ

224 4152 577 4227 &mmmmm

225 4244 246 4314 5)
266 4241 319 4298 Sic.
337 4241 369 4298 Ο.
387 4240 458 4294 Jahn
474 4258 521 4312 pro
540 4240 700 4308 ,moratur’'‚
718 4238 789 4314 quod
806 4238 860 4312 legi
878 4239 955 4300 solet.
