3296 5132
786 421 826 485 37

245 645 313 688 cum
337 647 416 705 esse,
442 626 586 712 suspicari
609 627 652 691 fas
675 632 734 706 est,
758 647 819 711 quo
838 631 951 709 statum
965 649 1078 704 rerum,
1102 626 1216 712 patriae
1228 627 1360 714 imagine

246 742 311 807 visa
332 743 390 808 iam
415 745 592 825 terribilem,
615 745 706 810 ctiam
728 745 906 811 atrociorem
928 745 1079 826 redderet,
1105 769 1287 832 quamquam
1307 769 1360 832 per

246 861 318 926 anni
340 869 459 948 tempus
483 887 542 928 uon
566 863 689 928 omniuo
712 863 832 928 difficile
853 863 892 928 ad
914 864 1095 930 credendum
1119 871 1205 930 esset.
1251 865 1361 948 Neque

246 981 417 1062 Suetonius,
437 1006 533 1068 neque
546 982 668 1048 Cassius
683 983 751 1061 Dio,
772 1005 868 1070 neque
879 983 1071 1064 Plutarchus,
1085 1008 1181 1070 neque
1193 983 1299 1049 Livius
1312 984 1361 1048 de·
1400 985 1402 990 ’

245 1099 337 1184 nique
359 1101 483 1186 eiusque
505 1103 669 1168 imitatores
690 1102 858 1168 Rubiconis
880 1103 991 1168 tumidi
1002 1105 1184 1168 mentionem
1196 1103 1312 1168 faciunt
1325 1103 1360 1186 1).

288 1219 380 1285 Facto
400 1221 526 1286 Senatus
542 1223 678 1287 consulto
699 1221 824 1287 ultimae
836 1222 1021 1288 necessitatis
1033 1223 1070 1287 ad
1082 1223 1234 1288 Caesarem
1246 1221 1360 1286 tribuni

244 1337 340 1424 plebis
352 1362 416 1404 sese
428 1339 631 1421 contulerant,
656 1363 771 1406 summa
784 1341 951 1422 celeritate,
977 1342 1130 1407 meritorio
1142 1341 1281 1406 vehiculo
1295 1339 1360 1418 usi,

244 1465 278 1523 ut
301 1459 365 1545 ipse
387 1460 497 1524 Caesar
519 1464 694 1545 testatori).
729 1461 760 1526 Is
771 1483 806 1526 eo
818 1468 952 1548 tempore
964 1461 1024 1526 iam
1035 1461 1196 1526 Ravennae
1209 1467 1287 1540 erat,
1308 1458 1360 1522 ubi

125 1652 126 1655 Ἴ
243 1578 406 1663 postulatis
436 1599 578 1666 respousa
611 1579 799 1666 expectabat,
834 1581 859 1645 si
883 1603 942 1666 qua
964 1579 1122 1644 hominum
1145 1579 1294 1665 aequitate
1316 1600 1362 1642 res

244 1698 282 1762 ad
316 1698 413 1763 otium
446 1699 554 1764 deduci
587 1708 697 1786 posset.
743 1699 851 1764 Caesar
873 1706 903 1764 et
925 1701 1065 1766 Lucanus
1087 1699 1243 1765 uobiscum
1278 1721 1360 1762 com·

226 1813 399 1881 ¹municant
420 1815 581 1883 Curionem
605 1841 672 1883 cum
696 1818 826 1884 tribunis
850 1818 943 1905 plebis
962 1819 1083 1885 Caesari
1103 1819 1232 1884 Arimini
1245 1824 1360 1904 praesto

243 1937 347 2004 tuisse.
391 1937 555 2002 Manifesto
579 1945 677 2002 autem
701 1938 855 2004 falluntur.
900 1937 988 2002 Falso
1011 1939 1091 2002 enim
1122 1935 1229 2001 Caesar
1256 1937 1360 2000 scribit

145 2113 147 2116 ,
243 2078 275 2120 se
308 2061 373 2122 tum
398 2057 517 2122 demum
543 2057 713 2124 Ariminum
737 2057 903 2144 profectum
927 2079 1007 2137 esse,
1033 2079 1128 2142 quum
1151 2055 1188 2119 de
1211 2055 1249 2118 iis
1271 2054 1360 2118 rebus

243 2175 352 2240 certior
363 2175 462 2241 fuctus
474 2183 560 2256 esset,
581 2199 654 2262 quas
666 2175 768 2262 paucis
780 2183 849 2240 ante
862 2182 1139 2254 commemorasset,
1160 2174 1272 2259 quippe
1285 2196 1360 2257 quae

243 2300 311 2380 post
344 2293 534 2359 tribunorum
565 2295 778 2380 profectionem
808 2293 982 2360 acciderint.
1028 2293 1151 2358 Falsum
1182 2293 1272 2356 etiam
1296 2299 1357 2371 est,

241 2412 323 2498 quod
344 2419 444 2478 narrat
462 2436 493 2478 se
513 2413 571 2478 iam
590 2389 754 2498 antequam·
764 2413 934 2479 Ariminum
947 2419 1024 2477 esset
1038 2413 1205 2499 profectus,
1230 2409 1358 2475 tribunis

241 2531 336 2596 illatas
369 2532 494 2597 iniurias
527 2533 607 2619 apud
643 2533 755 2598 milites
785 2537 983 2618 conquestum
1014 2553 1087 2596 esse.
1144 2531 1236 2595 Recte
1265 2529 1360 2614 igitur

240 2651 379 2716 Lucanus
403 2675 472 2716 cum
494 2652 633 2738 Appiano
649 2653 675 2737 ⁸)
700 2674 868 2738 congruens
891 2651 1080 2729 contionem,
1110 2649 1146 2714 de
1175 2671 1235 2734 qua
1257 2647 1360 2734 paucis

240 2776 308 2857 post
329 2767 516 2850 videbimus,
540 2769 670 2835 Arimini
698 2770 831 2836 habitam
856 2793 918 2836 esso
941 2770 1042 2866 tradit.
1367 2859 1369 2866 y

286 2888 397 2954 Audax
420 2888 512 2954 Curio
520 2940 529 2969 ,
554 2889 608 2974 qui
631 2889 765 2954 Caesaris
788 2895 934 2954 extremas
957 2888 1146 2954 conditiones
1164 2888 1201 2952 ad
1224 2893 1360 2952 senatum

241 3010 403 3090 detulerat,
438 3033 455 3074 a
490 3016 578 3096 poeta
608 3031 669 3074 non
692 3009 844 3073 immerito
867 3009 1041 3095 perhibetur
1063 3008 1197 3072 venalem
1224 3007 1359 3093 linguam

240 3129 347 3194 habere
365 3133 390 3214 ⁴)
399 3157 408 3210 ;
436 3129 500 3194 eius
535 3151 594 3193 vox
628 3127 780 3212 quondam
813 3127 917 3214 populi
953 3129 1033 3213 (uam
1058 3149 1085 3191 a.
1098 3125 1128 3193 d.
1152 3127 1189 3190 V.
1214 3125 1261 3190 Id.
1285 3125 1358 3191 Dec.

272 3334 292 3402 ¹)
311 3331 414 3386 Confer.
433 3327 590 3384 Oreisenarh
608 3345 667 3400 pag.
686 3325 910 3397 comumnes,
931 3326 973 3382 die
989 3328 1017 3381 4ο
1037 3325 1135 3398 Ecloge
1151 3325 1207 3380 und
1223 3323 1266 3380 die
1284 3325 1364 3380 Phar·

236 3417 303 3474 salia
320 3417 356 3473 im
371 3413 539 3472 Mittelalter.
559 3413 666 3470 Frankl.
685 3415 774 3482 1864).
794 3411 919 3476 ,Kourad
934 3411 1138 3482 vchuerlurt,
1152 3403 1271 3466 ¹Kanzler
1283 3410 1365 3465 Hein-

237 3503 307 3560 richs
333 3503 383 3559 VI.
402 3501 510 3558 beriihrt
537 3499 650 3556 Modena
675 3495 738 3555 oder
759 3499 881 3554 Mutinae
908 3497 1012 3552 labores
1034 3496 1128 3568 (Phars
1147 3497 1163 3552 Ι
1181 3498 1225 3566 41)
1244 3514 1272 3550 er
1290 3495 1365 3551 konit

237 3609 272 3645 an
288 3587 340 3646 den
358 3587 482 3644 Rubicon
501 3587 586 3659 (parvi
603 3584 750 3640 Rubiconis
769 3583 915 3646 edundis.)
935 3583 1038 3653 (Phara.
1057 3583 1073 3638 I
1089 3583 1152 3652 913)
1168 3581 1363 3637 nndbemerkt:

237 3677 320 3734 Cuius
341 3675 499 3748 parvitatem
518 3671 633 3745 stupido
656 3672 788 3726 intuentes
807 3670 901 3726 obtuta
918 3668 1084 3724 disertissimi
1104 3667 1178 3722 illius
1198 3672 1291 3740 potitae
1312 3667 1365 3722 Lu·

237 3763 297 3820 caui
319 3761 441 3818 admirati
460 3777 551 3815 smnus
568 3756 732 3824 facundiam,
758 3758 803 3830 qui
822 3755 854 3811 de
873 3774 900 3811 re
918 3759 972 3834 tam
995 3753 1101 3821 humili,
1121 3757 1176 3810 tam
1194 3751 1366 3826 grandiloquo

236 3848 366 3906 intumuit
384 3847 497 3918 eloquio.

273 3935 295 4006 Ἣ)
314 3935 337 3992 Ι.
358 3937 388 4001 5,
408 3937 434 3990 4.

274 4024 294 4092 ⁵)
314 4023 383 4093 App.
402 4020 433 4075 B.
453 4018 482 4074 O.
502 4017 532 4073 Π
551 4019 594 4073 33.

276 4119 295 4182 t)
316 4116 385 4188 App.
408 4115 439 4170 B.
464 4113 494 4170 C.
518 4113 549 4167 Π
573 4111 615 4170 27.
653 4109 790 4178 Κονρῖωνοο
819 4105 849 4162 δὲ
879 4110 925 4163 sat
958 4105 1072 4178 ἐπρίατο
1101 4107 1293 4176 συμπράττειν
1321 4105 1366 4162 ἐπὶ

240 4210 372 4268 πλειόνων
383 4213 472 4286 (quarn
482 4209 599 4286 Appium
606 4204 767 4276 Claudium),
787 4203 861 4271 εἰδὼς
873 4202 1072 4281 ἐνοχλούμενον
1082 4206 1133 4262 ὑπο
1144 4208 1231 4281 χρεῶν
1241 4207 1362 4260 πολλῶν.
