3308 5138
755 411 815 478 157!

265 619 314 686 Id.
337 617 385 686 Id.
408 615 452 684 II.
478 618 529 685 12.
554 619 584 685 3.
619 615 746 703 Captam
776 615 880 682 urbem
913 637 1001 683 suana
1023 616 1141 700 videre,
1164 637 1255 706 opera
1277 640 1341 706 per·

222 741 315 820 lecta,
338 737 447 804 turrim
469 736 635 804 subrutam.

265 861 326 927 Pro
346 858 477 948 perlecta
502 857 584 945 lege:
609 855 768 945 perfracta.

728 974 836 1042 XVII.

264 1099 332 1167 Liv.
355 1097 476 1165 XXIV.
501 1099 554 1165 14.
577 1100 608 1163 6.
635 1100 755 1184 postero
789 1094 838 1162 die
869 1093 965 1183 signis
996 1093 1105 1161 delatis
1128 1094 1341 1165 dimicaturam
1376 1112 1378 1117 ·

143 1243 146 1249 ·
220 1242 298 1308 puro
330 1241 365 1285 ac
398 1216 515 1307 patenti
541 1238 663 1305 campo,
697 1215 751 1283 nbi
782 1216 847 1282 sine
876 1214 942 1281 ullo
964 1215 1144 1283 insidiarum
1166 1221 1251 1284 rnetn
1273 1239 1342 1284 vera

222 1339 336 1406 virtute
357 1339 421 1428 geri
444 1360 491 1406 res
513 1342 627 1428 posset.
786 1319 791 1332 ’

265 1460 324 1526 Ριο
347 1481 418 1527 vera
440 1457 553 1525 virtute
575 1455 756 1545 legendnm:
781 1477 862 1523 mera
881 1455 1006 1524 'virtute

719 1575 845 1644 XVIII.

263 1697 359 1765 Corn.
381 1698 461 1784 Nep.
486 1695 560 1764 Vita
583 1696 680 1764 Phoc.
702 1696 725 1764 i.
747 1697 771 1766 f.
793 1696 826 1762 in
849 1695 907 1762 hoc
930 1700 1050 1762 tanturn
1066 1695 1127 1762 fnit
1143 1695 1251 1764 cdinm'
1268 1697 1342 1765 mul·

221 1816 381 1899 titudinis,
403 1823 440 1884 nt
462 1839 551 1884 nemo
575 1833 666 1883 ausus
688 1815 728 1881 sit
750 1838 821 1883 eum
845 1814 922 1882 liber
944 1814 1080 1904 sepelire.

264 1935 456 2025 Legendnm:
481 1936 515 2002 in
537 1935 620 2003 hunc
642 1934 712 2003 fuit.
727 1983 735 2002 .
749 1981 780 2002 ..

739 2054 832 2122 XIX.

264 2174 375 2242 Seneca
396 2174 496 2263 Epist.
518 2173 653 2243 CXXII.
677 2178 708 2244 6.
730 2173 804 2242 Νοιι
832 2172 976 2240 videntur
1002 2171 1059 2240 tibi
1081 2179 1186 2241 contra
1207 2181 1346 2243 naturam

223 2297 338 2377 vivere,
362 2295 415 2382 qni
435 2300 623 2361 commutant
641 2317 712 2361 curn
730 2294 851 2360 feminis
869 2295 1004 2361 vestem?
1028 2317 1090 2361 non
1113 2295 1222 2362 vivunt
1240 2302 1345 2363 contra

223 2421 378 2494 naturam,
400 2414 455 2502 qui
477 2420 616 2504 spectant
638 2419 676 2480 ut
698 2413 827 2502 pueritia
850 2414 1006 2502 splendeat
1028 2420 1161 2502 ternpore
1184 2415 1303 2483 alieno?

268 2535 327 2602 Pro
349 2541 486 2624 spectant
506 2535 684 2624 legendum:
708 2539 866 2622 expetunt.

749 2654 822 2722 XX.

267 2776 339 2846 Tac.
370 2777 451 2844 Ann.
481 2773 543 2841 III.
575 2775 628 2844 7³.
660 2772 743 2840 Nam
775 2773 948 2840 Tacfarinas
962 2821 970 2840 .
983 2823 991 2841 .
1005 2820 1036 2842 ..
1068 2773 1128 2840 huc
1159 2773 1345 2862 arrogantiae

225 2901 433 2964 venerat....
457 2901 492 2962 nt
513 2893 626 2961 bellurn
647 2893 861 2981 inexplicabile
884 2893 1057 2961 minaretur.
1163 2887 1165 2892 ’
1444 2869 1447 2877 ¹

268 3013 460 3103 Legendum:
483 3011 595 3080 bellum
617 3011 808 3100 inexpiabile.

268 3135 317 3204 Id.
339 3134 388 3202 Id.
411 3133 457 3202 H.
481 3135 512 3202 5.
534 3131 576 3198 Et
598 3154 675 3219 quae
697 3131 757 3198 sibi
783 3131 907 3198 tertium
937 3131 999 3199 iarn
1023 3153 1136 3199 annum
1158 3130 1346 3222 belligeranti

226 3279 314 3324 saeva
336 3254 385 3322 vel
408 3275 549 3342 prospera
571 3252 752 3320 evenissent.
1376 3244 1380 3253 '

271 3375 369 3463 Lege:
393 3395 497 3440 scaeva
520 3373 569 3439 vel
591 3393 742 3460 prospera.

738 3490 831 3560 XXI.

268 3613 365 3682 Tacit.
388 3611 491 3682 Germ.
515 3610 623 3679 XXII.
657 3610 767 3677 Statim
790 3633 806 3677 e
829 3633 955 3691 somno,
985 3633 1075 3698 quem
1105 3611 1284 3700 plerumque
1315 3612 1348 3679 in

226 3733 306 3801 diem
328 3733 505 3824 extrahunt,
528 3733 684 3812 lavantur,
708 3730 826 3818 saepius
849 3729 953 3796 calida.

269 3854 329 3920 Pro
353 3853 467 3932 calida,
491 3852 557 3939 lege
579 3851 689 3939 gelida.

270 3973 318 4040 Id.
342 3973 384 4038 id.
409 3971 513 4038 XXX.
537 3971 703 4058 Disponere
726 3969 823 4049 diem,
848 3967 955 4034 vallare
977 3973 1108 4050 noctem,
1132 3969 1283 4036 fortunam
1304 3971 1348 4036 in-

228 4100 272 4159 ter
296 4091 405 4171 dubia,
429 4090 575 4156 virtutem
598 4088 677 4156 inter
699 4094 780 4154 certa
803 4109 968 4154 numerare.

274 4212 333 4276 Pro
358 4209 465 4275 vallare
488 4217 608 4276 noctem
628 4207 803 4295 legendum:
830 4205 964 4295 vigilare.
