3308 5138
833 402 894 463 lac

305 604 400 690 (quia
418 605 550 670 Pothino
563 627 653 685 prcus
665 604 853 671 Thessaliae'’
869 608 1019 693 vocatur),
1037 631 1120 674 nunc
1137 610 1227 675 miser
1244 616 1303 676 est:
1320 635 1421 699 neque

303 745 374 789 eum
393 724 499 790 iuvare
517 747 594 812 opus
616 731 680 802 est,
702 747 801 811 neque
819 724 852 790 id
870 726 926 791 viri
946 727 1103 813 prudentia
1126 735 1180 796 est.
1215 728 1316 796 Colere
1338 733 1421 796 enim

301 843 419 924 felices,
442 842 548 930 fugere
570 843 707 922 miseros,
738 844 841 910 callidi
863 844 996 910 hominis
1019 853 1082 929 ast,
1106 863 1178 914 nam
1206 849 1328 936 pplures
1349 850 1421 916 ado·

302 969 371 1028 rant
404 962 497 1028 solem
532 963 692 1046 orientem,
728 987 820 1051 quam
853 965 1069 1048 occidentem'',
1108 975 1144 1033 ut
1170 969 1233 1055 ipse
1255 969 1421 1056 Pompeius

303 1079 417 1147 Cinnae
451 1082 561 1150 dixisse
589 1107 607 1150 a
633 1084 797 1150 Plutarcho
827 1085 968 1154 traditur.
1013 1087 1084 1169 Quo
1108 1088 1233 1154 consilio
1255 1090 1421 1176 Pompeius

303 1202 417 1268 venerit
439 1225 535 1289 quum
558 1204 688 1287 nesciat,
720 1205 830 1270 utilius
854 1205 912 1270 erit
933 1227 1004 1271 eum
1031 1206 1176 1273 occidere.
1221 1207 1297 1273 Eam
1319 1215 1421 1274 tamen

302 1344 333 1388 se
360 1324 496 1389 comitari
520 1325 682 1412 Pompeius
701 1332 793 1392 vetat.
839 1325 977 1392 Fortasse
995 1325 1201 1393 Ptolemaeum
1220 1335 1336 1415 sceptro
1358 1330 1421 1416 pri·

302 1465 371 1508 vare
393 1442 421 1507 ei
443 1443 477 1508 in
499 1444 598 1509 animo
621 1451 675 1511 est.
722 1445 771 1512 Ad
794 1445 892 1510 scelus
920 1445 1155 1534 perpetrandum
1186 1447 1322 1514 Achillas
1351 1450 1421 1533 qui-

303 1560 371 1626 dam
394 1561 517 1656 eligitur
538 1586 607 1650 rege
630 1586 724 1651 puero
746 1587 807 1630 non
830 1564 998 1632 resistente.

345 1682 510 1770 Pompeius
532 1684 646 1750 interea
667 1683 731 1750 vela
754 1684 853 1750 ventis
871 1691 995 1772 negarat
1017 1690 1048 1749 et
1076 1683 1191 1750 ratibus
1218 1683 1256 1750 ad
1280 1707 1420 1751 ancoram

299 1802 434 1890 religatis
456 1803 559 1869 littora
580 1803 658 1890 petit
679 1825 756 1868 nave
778 1803 867 1868 remis
890 1810 967 1870 acta.
1012 1803 1092 1868 llum
1118 1809 1222 1870 contra
1247 1805 1332 1870 navis
1359 1787 1419 1870 Ae-

300 1923 440 2009 gyptiace
462 1928 655 2010 approperat,
678 1922 711 1987 in
734 1944 824 2008 quam
845 1923 974 1989 transire
996 1923 1128 1990 iubetur.
1159 1923 1247 1988 Nulli
1270 1925 1419 1990 comitum

300 2042 455 2128 praesagia
477 2041 595 2108 sceleris
623 2041 755 2108 deerant.
801 2042 943 2108 Cornelia
965 2064 1085 2129 quoque
1108 2043 1216 2108 metuit
1237 2065 1335 2129 neque
1358 2066 1419 2108 ma·

301 2161 361 2227 rito
378 2161 478 2226 deesse
498 2161 573 2228 vult.
596 2161 671 2226 Eam
687 2167 830 2227 tamense
842 2163 980 2227 comitari
991 2162 1153 2249 Pompeius
1166 2167 1258 2228 vetat.
1281 2163 1420 2227 Transire

298 2288 451 2368 parantem
470 2279 648 2368 Pompeium
672 2281 710 2347 de
727 2303 830 2368 puppe
847 2281 1031 2369 Aegyptiace
1050 2281 1137 2348 miles
1154 2281 1317 2369 Septimius
1340 2281 1419 2346 salu·

299 2406 361 2481 tat,
385 2401 438 2485 qui
461 2407 549 2466 antea
570 2401 714 2466 Romanis
737 2401 794 2467 sub
817 2395 935 2487 aquilis'
953 2401 1102 2481 militans,
1125 2401 1188 2488 pilo
1214 2401 1313 2488 posito
1335 2423 1418 2466 nuno

299 2541 381 2586 arma
402 2520 484 2606 regia
506 2519 650 2607 gestabat.
696 2521 858 2608 Pompeius
881 2545 898 2587 a
919 2522 981 2588 suis
1004 2521 1152 2604 divulsus,
1172 2521 1314 2586 satellites
1336 2521 1418 2607 regis

299 2639 412 2706 ferrum
446 2639 625 2726 stringentes
648 2640 765 2722 videns,
795 2651 888 2728 caput
910 2642 1056 2708 involvit:
1080 2642 1255 2728 indignatus
1277 2641 1418 2706 fortunae

298 2765 434 2846 apertum
469 2766 559 2846 caput
591 2766 748 2847 praestare.
795 2762 930 2827 Achillas
962 2762 1041 2826 latus
1079 2762 1107 2827 ei
1144 2761 1291 2848 perfodit,
1331 2761 1417 2826 nullo

298 2879 414 2967 gemitu
455 2879 591 2966 Pompeii
632 2866 746 2946 audito.
803 2881 906 2946 Animi
941 2881 1006 2946 eius
1041 2881 1238 2967 cogitationes
1275 2881 1417 2946 Lucanus

298 2999 408 3086 aperit,
448 2999 642 3084 conqueritur
684 3001 764 3066 enim
798 3000 965 3066 Corneliam
998 3006 1029 3065 et
1062 2999 1152 3082 filiam
1185 3000 1263 3066 hanc
1296 2998 1417 3065 caedem

299 3119 410 3184 videre.

342 3237 480 3306 Cornelia
512 3260 573 3304 non
607 3243 668 3304 tam
702 3237 820 3325 patiens
856 3238 895 3304 ad
924 3238 1019 3304 scelus
1049 3238 1226 3304 cernendum
1258 3260 1348 3324 qnam
1378 3239 1417 3305 ad

297 3360 382 3428 naias
400 3357 626 3447 perferendum,
650 3379 681 3422 se
703 3357 847 3445 perniciei
870 3357 963 3424 fuisse
979 3359 1086 3424 marito
1103 3359 1220 3424 incunt
1226 3386 1236 3441 3
1260 3357 1315 3424 sibi
1339 3380 1416 3424 mor·

298 3455 362 3545 tem
384 3478 566 3545 consciscere
592 3483 732 3559 conatur,
765 3501 863 3566 quum
893 3479 1045 3546 existimet
1067 3478 1222 3544 Gaesarem
1252 3479 1312 3546 iam
1346 3485 1417 3544 ante

296 3598 477 3687 Pompeium
501 3599 534 3665 in
557 3599 735 3688 Aegyptum
757 3599 911 3666 advenisse
918 3651 928 3682 ,
959 3599 1014 3686 qui
1040 3621 1108 3665 eum
1132 3621 1214 3667 nunc
1235 3598 1415 3665 interficien-

298 3719 371 3788 dum
394 3725 487 3787 curet.
691 3719 694 3722 ’

342 3837 454 3907 Verum
483 3843 552 3904 ante
581 3838 717 3905 (laeseris
746 3839 907 3906 adventum
930 3837 1065 3906 Fortuna
1097 3836 1300 3906 misericordia
1332 3843 1415 3903 mota

296 3958 442 4046 Pompeio
466 3957 618 4024 tumulum
641 3964 736 4044 parat.
770 3959 919 4040 Quaestor
931 3958 1047 4024 Cordus
1070 3958 1152 4023 iusta
1175 3956 1246 4023 duci
1265 3978 1322 4022 suo
1339 3956 1414 4022 clam

296 4076 454 4166 persolvit,
489 4099 597 4164 corpus
630 4077 662 4142 in
695 4099 802 4166 rogum
835 4079 1012 4166 impositum
1045 4077 1206 4159 comburit,
1242 4079 1415 4162 cineresque

293 4198 388 4266 humo
414 4196 536 4264 mandat
568 4203 617 4278 at,
652 4219 689 4264 ne
720 4205 830 4268 uentus
852 4199 995 4284 reliquias
1016 4205 1095 4264 terra
1121 4197 1257 4264 conditae
1279 4197 1411 4279 auferat,
