3308 5138
883 425 944 488 100

492 633 646 719 Europam
670 631 787 711 miseri,
811 631 996 718 Libyamque
1019 631 1183 715 Asiamque
1204 631 1324 722 timete,

494 751 662 816 Distribuit
684 750 814 816 tumulos
837 750 944 815 vestris
966 749 1097 814 Fortuna
1119 749 1291 836 triumphis.
1316 750 1405 834 (818)

350 871 459 957 quibus
486 893 592 958 nempe
615 879 726 935 mortes
749 871 840 934 trium
863 867 1076 954 Pompeiorum
1098 868 1230 933 indicat:
1255 869 1287 932 in
1310 869 1466 954 Aegypto,

350 991 383 1055 in
406 990 571 1078 Hispania,
595 988 629 1054 in
650 989 731 1054 Asia.
767 988 886 1070 Quibus
907 987 995 1052 dictis
1019 992 1152 1051 mortuus
1174 993 1300 1052 mortem
1324 987 1468 1074 reposcit,

351 1130 440 1193 quem
474 1109 503 1172 ei
533 1109 662 1173 venefica
684 1107 842 1173 herbarum
865 1107 980 1172 auxilio
1002 1106 1182 1171 carminibus
1204 1107 1337 1172 recitatis
1359 1104 1468 1172 reddit.

349 1226 475 1292 Erichto
509 1227 634 1293 Sextum
669 1227 707 1292 ad
740 1233 862 1312 paterna
897 1233 993 1291 castra
1025 1227 1200 1291 comitatur:
1232 1249 1292 1311 quo
1322 1227 1349 1290 is
1372 1225 1469 1291 adhuc

352 1346 451 1412 densis
473 1347 605 1412 tenebris
627 1346 706 1412 diem
729 1345 900 1411 tenentibus
922 1345 1057 1431 pervenit
1082 1347 1117 1430 1).

393 1466 503 1530 Caesar
525 1465 589 1552 ipse
613 1464 773 1529 earundem
795 1440 893 1529 rerum
915 1464 1002 1528 testis
1025 1470 1086 1543 est,
1111 1486 1185 1547 quas
1207 1464 1347 1529 Lucanus
1359 1469 1467 1528 narrat.

353 1583 438 1648 Dicit
461 1607 492 1649 se
512 1584 596 1649 iuxta
616 1582 794 1669 Pompeium
811 1589 906 1648 castra
924 1583 1061 1669 posuisse
1078 1589 1168 1667 atque
1186 1583 1330 1669 postridie
1352 1581 1469 1646 eductis

351 1702 492 1768 omnibus
526 1702 620 1788 copiis
650 1701 714 1767 acie
743 1705 892 1766 instructa
919 1701 1065 1788 Pompeio
1088 1700 1266 1766 decernendi
1288 1706 1466 1788 potestatem

352 1820 466 1885 fecisse.
513 1821 596 1886 Huic
620 1827 721 1885 autem
745 1843 838 1906 quum
862 1821 1013 1886 decretum
1029 1827 1105 1886 esset
1120 1820 1194 1885 locis
1213 1820 1276 1885 suis
1299 1843 1330 1885 se
1353 1828 1466 1902 tenere,

340 1939 458 2005 ¹Caesar
480 1939 613 2004 exercitu
635 1940 668 2004 in
691 1945 785 2005 castra
807 1940 932 2005 reducto
963 1940 1044 2005 aliud
1078 1939 1136 2004 sibi
1166 1939 1328 2004 consilium
1351 1942 1468 2028 capien-

352 2059 425 2126 dum
459 2059 651 2125 existimavit.
697 2059 805 2145 Itaque
836 2067 956 2144 postero
988 2060 1037 2125 die
1068 2058 1289 2147 Dyrrhachium
1316 2061 1467 2145 profectus

353 2184 418 2258 est,
452 2201 573 2265 sperans
608 2179 672 2243 fore
705 2184 741 2245 ut
774 2178 950 2264 Pompeium
984 2178 1021 2243 ab
1055 2178 1105 2242 illa
1140 2177 1212 2242 urbe
1246 2177 1467 2244 intercluderet.

353 2296 449 2363 Cuius
480 2297 599 2363 consilii
622 2297 783 2383 Pompeius
806 2321 858 2383 per
879 2297 1079 2383 exploratores
1102 2298 1210 2362 certior
1230 2296 1346 2377 factus,
1375 2303 1469 2362 castra

352 2417 465 2495 movit,
500 2416 635 2482 breviore
668 2417 775 2481 itinere
802 2439 833 2480 se
856 2417 883 2480 ei
908 2438 1100 2481 occursurum
1120 2439 1249 2502 sperans.
1296 2415 1386 2496 Quod
1409 2417 1470 2482 fore
1536 2453 1539 2458 v

354 2534 524 2620 suspicatus
559 2534 667 2599 Caesar
700 2541 793 2600 noctu
826 2535 987 2621 paullisper
1020 2535 1127 2600 itinere
1162 2534 1351 2616 intermisso,
1385 2559 1471 2601 mane

354 2651 577 2738 Dyrchachium
601 2653 704 2734 venit,
727 2654 973 2738 quamprimum
997 2675 1103 2739 agmen
1126 2653 1262 2740 Pompeii
1284 2656 1389 2740 procul
1411 2678 1470 2721 cer·

354 2778 476 2837 neretur
508 2778 599 2857 etque
622 2772 666 2838 ibi
694 2780 791 2838 castra
821 2772 934 2859 posuit.
970 2773 1147 2860 Pompeium
1176 2774 1333 2840 editiorem
1355 2773 1475 2854 locum,

356 2890 478 2956 Petram
501 2891 639 2972 nomine,
664 2913 825 2978 occupasse
847 2892 927 2956 idem
949 2891 1058 2957 Caesar
1084 2899 1188 2958 auctor
1211 2896 1305 2980 esea).
1351 2892 1470 2958 Deinde

356 3009 516 3077 inimicum
558 3011 783 3078 circumvallare
822 3010 977 3077 Caesarem
1014 3013 1182 3077 instituisse
1223 3014 1303 3099 apud
1344 3015 1471 3079 eundem

357 3127 503 3214 legimus,
526 3130 656 3195 castellis
678 3131 710 3195 in
735 3119 865 3196 collibus
889 3131 1172 3198 circumiacentibus
1196 3131 1302 3218 positis
1327 3137 1417 3216 atque
1436 3154 1471 3198 eu

390 3447 411 3513 ¹)
430 3445 467 3501 ltt
480 3443 610 3502 Goethins
628 3445 656 3501 in
674 3443 788 3502 secunda
805 3449 880 3520 parte
898 3443 1037 3515 dramatis,
1062 3445 1133 3519 quod
1149 3448 1242 3505 llansti
1259 3449 1366 3507 nomine
1388 3449 1475 3508 inseri:

353 3529 438 3600 bitur,
452 3533 596 3590 Erichthus
614 3551 750 3606 personam
768 3533 902 3606 depinxit,
917 3551 983 3605 quae
998 3531 1030 3590 de
1040 3552 1068 3589 se
1077 3534 1134 3607 ipsa
1143 3534 1273 3608 perhibet:

512 3622 579 3677 Zum
597 3619 796 3676 Schauderleste
814 3619 899 3677 dieser
916 3621 1019 3688 Necht‚
1038 3621 1088 3678 wie
1105 3621 1173 3678 diter
1191 3622 1284 3691 schon,

513 3707 584 3763 Tret'
601 3707 645 3763 ioh
662 3707 762 3774 einher,
781 3706 920 3775 Erichtho,
939 3707 983 3763 ich
1000 3707 1043 3766 die
1060 3709 1170 3777 Diistre3

513 3794 596 3850 Nicht
614 3813 643 3850 so
662 3793 843 3861 abscheulioh‚
862 3793 911 3850 wie
929 3793 971 3850 die
989 3793 1104 3866 leid'gen
1121 3795 1233 3852 Dichter
1250 3795 1320 3853 mich

512 3877 547 3934 In
563 3879 736 3936 Uebermaass
755 3879 958 3939 rochetem...
977 3880 1096 3952 End’gen
1114 3881 1152 3937 sie
1169 3882 1237 3940 doch
1254 3883 1299 3939 nie
1349 3895 1352 3900 '

513 3963 548 4020 In
565 3965 623 4021 Lob
640 3965 696 4021 und
712 3964 795 4022 Tadel
797 4008 872 4024 .....

357 4049 435 4123 Quod
452 4047 558 4122 quidem
575 4069 639 4106 num
657 4052 782 4107 Lucanus
800 4053 904 4120 lecerit,
923 4053 1009 4110 dicere
1027 4072 1139 4127 nequeo:
1167 4073 1227 4111 eum
1245 4059 1334 4112 autem
1352 4055 1476 4114 Erichtho

357 4134 506 4193 blanditum
525 4155 593 4204 esse,
613 4135 739 4194 affirmare
759 4157 812 4195 non
830 4138 922 4195 ausim.

393 4221 667 4298 anemae
