3308 5138
740 433 804 496 123-

258 642 379 707 Narem
413 639 513 705 ventis
541 644 572 705 et
601 639 744 706 fiuctibus
774 639 918 725 imparem
949 635 1137 717 conscendit,
1174 634 1331 722 altumque

213 761 291 849 petit
324 767 361 826 ut
392 759 524 826 Lesbum
557 759 659 841 adeat,
690 757 745 824 ubi
771 757 927 824 Corneliae
958 761 1040 821 tutas
1062 754 1191 820 latebras
1214 754 1331 842 quaesi·

216 888 311 949 verat.
356 881 431 947 Eam
463 879 610 946 desiderio
637 878 737 945 mariti
758 879 931 966 flagrantem
954 897 1133 962 summaque
1155 873 1221 940 eius
1243 874 1333 940 sortis

215 1001 367 1067 anxietate
389 1006 421 1066 et
442 997 646 1065 sollicitudine
663 1019 811 1086 pressam,
842 997 941 1062 tristia
959 994 1114 1084 praesagia
1142 993 1333 1060 excruciante

217 1143 342 1188 somnus
381 1117 540 1184 formidine
570 1124 601 1184 et
631 1118 739 1184 timore
771 1116 909 1204 Pompeii
939 1116 1102 1203 expellitur
1109 1140 1118 1194 ;
1148 1115 1243 1181 animi
1272 1137 1337 1203 per·

218 1238 354 1307 turbatio
399 1260 464 1304 eam
509 1237 547 1304 ad
586 1237 676 1303 littus
710 1236 851 1325 propellit
891 1235 971 1302 unde
1014 1236 1125 1302 fluctus
1155 1234 1335 1323 prospiciat:

218 1361 315 1450 prima
364 1380 479 1445 semper
522 1331 613 1444 longe
657 1357 797 1422 nutantia
842 1355 908 1422 vela
954 1355 1036 1420 ridet
1078 1355 1203 1421 narium
1248 1354 1337 1422 adve-

220 1480 383 1548 aientium.

263 1601 313 1666 Sic
332 1621 439 1665 navem
462 1619 584 1684 quoque
606 1597 702 1664 cernit
721 1620 783 1683 qua
805 1597 932 1663 maritus
954 1595 1060 1662 infelix
1082 1595 1212 1663 vehitur.
1246 1596 1338 1684 Igno·

220 1728 266 1786 rat
288 1718 364 1806 quid
386 1718 478 1799 ferat,
502 1716 555 1783 sed
577 1717 690 1783 malum
708 1717 810 1784 nescio
834 1717 910 1803 quid
928 1716 1100 1804 praesentit.
1122 1714 1257 1781 Tandem
1276 1716 1340 1804 ipse

221 1839 384 1927 Pompeius
413 1859 487 1902 nave
510 1859 648 1924 egressus
671 1859 737 1902 eam
759 1839 931 1917 confirmat3
959 1835 1031 1904 fatis
1055 1858 1120 1915 eam
1143 1835 1339 1902 succumbere

222 1965 305 2025 vetat
320 1979 448 2045 eamque
467 1957 506 2023 ob
522 1957 615 2023 animi
635 1956 869 2023 inconstantiam
887 1956 1025 2044 castigat.
1048 1956 1105 2022 Hla
1117 1962 1218 2022 tamen
1240 1956 1340 2024 dolore

221 2083 308 2166 capta
331 2077 521 2163 semetipsam
543 2082 678 2142 accusat:
704 2099 779 2156 ,cur
803 2077 898 2163 impia
920 2077 1010 2162 nupsi
1033 2074 1185 2142 carissimo
1208 2076 1290 2155 viro,
1312 2079 1339 2144 si

222 2197 364 2262 miserum
390 2218 460 2262 eum
483 2195 638 2261 redditura
661 2195 752 2262 fui?”
775 2197 813 2262 In
837 2218 918 2262 mare
940 2219 972 2262 se
982 2195 1180 2284 praecipitare
1192 2197 1261 2262 vult
1267 2247 1277 2278 ,
1302 2203 1339 2264 ut

222 2339 332 2403 poenas
359 2317 581 2403 imprudentiae
606 2317 683 2399 luat.
717 2315 855 2403 Pompeii
878 2315 988 2383 durum
1011 2322 1117 2405 pectus
1143 2315 1182 2383 ad
1202 2319 1338 2387 lacrimas

222 2435 370 2503 flectitur:

368 2556 526 2642 „siccaque
547 2555 701 2622 Thessalia
724 2555 884 2622 confundit
906 2557 1021 2622 lumina
1043 2555 1188 2625 Lesbos.”
1250 2564 1339 2650 (108)

265 2679 352 2743 Tunc
377 2676 592 2763 Mitylenenses
618 2676 797 2763 Pompeium
831 2683 933 2755 orant,
967 2685 1002 2743 ut
1036 2677 1141 2744 urbem
1174 2702 1256 2748 sacro
1278 2682 1340 2748 foe·

223 2798 292 2865 dere
309 2797 367 2862 sibi
387 2796 526 2862 devotam
544 2797 701 2884 dignetur,
726 2797 759 2862 in
771 2819 831 2882 qua
842 2797 890 2863 vel
903 2820 963 2862 una
974 2805 1063 2864 nocte
1075 2805 1209 2880 maneat,
1234 2801 1340 2868 urbem

224 2917 331 2982 claram
361 2915 565 3002 celebremque
587 2916 692 2982 reddet
699 2942 710 2997 3
732 2923 842 2982 cuncta
865 2918 984 2983 saecula
1007 2939 1072 2982 eam
1097 2922 1171 2982 tunc
1193 2919 1339 3004 revisent,

224 3037 332 3122 hospes
373 3036 530 3102 Romanus
571 3035 695 3101 veniens
735 3035 881 3102 adorabit.
937 3037 1034 3101 Tutus
1071 3037 1235 3124 Pompeias
1268 3041 1341 3108 erit:

225 3154 332 3220 Caesar
360 3153 422 3219 huc
451 3154 561 3241 adpelli
593 3176 655 3219 non
684 3155 797 3241 poterit
826 3155 955 3221 navibus
986 3155 1213 3239 deficientibus,
1245 3180 1341 3244 quum

226 3295 364 3360 magnam
394 3279 509 3361 partem
538 3272 790 3359 Pompeianarum
831 3273 892 3338 huc
922 3274 1070 3341 coituram
1101 3275 1263 3342 verisimile
1292 3279 1342 3346 sit.

226 3394 388 3481 Pompeius
417 3399 518 3458 tamen
548 3392 673 3473 abnuit,
704 3415 796 3460 uxore
823 3393 941 3460 insulae
971 3394 1084 3460 credita
1109 3417 1140 3459 se
1162 3395 1222 3460 iam
1245 3401 1344 3462 osten-

228 3513 306 3580 disse
336 3512 427 3593 dicit,
452 3511 566 3577 nullam
588 3513 741 3599 regionem
763 3513 821 3579 sihi
847 3513 942 3579 totius
965 3514 1045 3580 orbis
1068 3520 1212 3581 terrarum
1235 3518 1344 3603 gratio·

227 3655 289 3700 rem
312 3656 390 3700 esse:
416 3633 486 3714 ,hic
509 3632 602 3713 mihi,
626 3633 743 3719 inquit,
768 3632 864 3699 Roma
881 3613 979 3701 'fuie’'

272 3751 405 3818 Uxorem
427 3752 522 3839 igitur
544 3773 650 3817 navem
675 3753 855 3819 concendere
878 3754 982 3836 iubet,
1001 3755 1108 3822 invitis
1127 3723 1245 3823 civibus
1267 3781 1345 3846 quos

229 3872 288 3938 sibi
319 3871 456 3938 Cornelia
482 3871 520 3938 ob
542 3871 705 3959 pudorem,
728 3873 935 3960 probibatem,
958 3876 1136 3942 modestiam
1159 3877 1344 3947 devinxerat.

230 3990 368 4056 Incertus
399 4013 489 4074 quam
519 3992 551 4056 in
578 3993 729 4078 regionem
759 4016 791 4058 se
817 4000 987 4074 convertat,
1012 3996 1175 4083 Pompeius
1198 3999 1346 4084 guberna·

232 4114 325 4174 torem
344 4109 382 4172 ad
401 4108 583 4175 Thessaliam
602 4109 782 4196 italiamque
803 4113 950 4200 adpellere
973 4119 1071 4194 vetat,
1094 4137 1189 4200 quum
1212 4124 1346 4186 cetorum

232 4227 316 4301 navis
340 4251 461 4294 cursum
484 4228 636 4307 Fortunae
658 4229 843 4308 committere
866 4231 962 4304 iubet.
997 4232 1190 4310 Gubernator
1211 4237 1239 4302 ci
1259 4241 1348 4306 mori·
