3308 5138
879 355 920 420 88

385 557 500 627 Audaci
522 560 643 648 incepto
669 584 744 648 opus
771 585 832 627 non
861 562 968 628 fuerat.
1015 562 1167 628 Antonius
1193 562 1273 627 enim
1296 585 1367 628 mor
1389 585 1455 628 cum

339 680 430 746 classe
465 679 518 748 diu
548 687 718 770 exspectata
751 681 862 748 aderat.
908 681 1029 746 lbustra
1059 680 1180 746 Lissum
1200 681 1347 768 adpellere
1371 704 1456 748 eona·

339 804 405 864 tum
426 798 640 886 Nymphaeum
662 804 828 886 exceperat.

253 951 256 960 ’
383 917 547 1004 Pompeius
574 918 682 984 timore
708 918 863 1004 perculsus
893 917 983 982 armis
1009 917 1149 983 Caesaris
1165 918 1300 1004 undique
1325 921 1455 997 collatis,

339 1059 462 1102 uxorem
492 1035 661 1102 Corneliam
690 1042 787 1102 tutam
815 1042 963 1122 praestare
994 1036 1126 1107 decrevit
1156 1059 1281 1124 eamque
1311 1042 1456 1124 procula

338 1156 411 1222 belli
433 1157 560 1244 strepitu
579 1156 612 1221 in
628 1155 725 1222 Lesbo
744 1155 886 1222 occulere.
932 1155 984 1221 Sic
1000 1155 1179 1242 Pompeium
1199 1178 1282 1220 amor
1304 1157 1456 1224 Corneliae

338 1275 464 1341 dubium
493 1282 524 1340 et
560 1276 597 1341 ad
626 1274 773 1362 proelium
795 1274 945 1360 trepidum
968 1274 1109 1341 reddidit.
1155 1275 1217 1341 Vix
1239 1273 1276 1340 ab
1298 1299 1391 1343 uxore
1414 1302 1455 1344 se·

337 1394 423 1481 iungi
450 1417 481 1459 se
509 1415 617 1482 passus
647 1402 694 1459 est
718 1399 768 1474 pet
791 1393 874 1459 nulla
896 1395 957 1458 fuit
981 1401 1043 1459 tam
1066 1401 1182 1460 moesta
1204 1395 1268 1460 dies
1292 1397 1384 1461 vitam
1406 1421 1456 1484 per

338 1511 486 1580 omnem’'.
518 1515 611 1599 Amor
633 1519 735 1580 tamen
754 1513 852 1579 vetuit
871 1536 908 1578 ne
926 1512 995 1580 belli
1017 1513 1102 1578 malis
1121 1514 1349 1600 opprimeretur.
1373 1517 1456 1582 Iurat

340 1632 496 1712 Cornelia,
517 1655 548 1697 se
571 1632 677 1698 marito
701 1631 820 1698 fidelem
843 1655 1031 1710 mansuram,
1054 1655 1092 1699 ne
1104 1633 1197 1698 funus
1209 1634 1332 1719 quidem
1344 1658 1456 1701 amores

339 1756 461 1818 mutuos
488 1757 658 1838 rupturum.
707 1751 773 1816 Hoc
803 1758 967 1818 extremam
991 1759 1146 1839 precatur,
1177 1776 1216 1818 ne
1239 1753 1342 1819 littora
1364 1755 1453 1821 Lesbi

338 1877 439 1960 petat:
469 1892 539 1938 nam
566 1871 647 1957 apud
675 1893 797 1936 uxorem
827 1871 1004 1958 Pompeium
1033 1873 1176 1940 maritum
1205 1873 1289 1960 prius
1321 1875 1466 1939 omnium,

337 1996 490 2076 quaerent.

380 2110 465 2175 Num
498 2111 623 2192 mirum,
655 2111 804 2198 'Pompeio
833 2112 995 2178 dormienti
1025 2112 1187 2200 imaginem
1219 2113 1321 2178 uxoris
1344 2113 1455 2193 visam,

338 2251 477 2296 somnum
523 2231 681 2296 turbessel
726 2231 942 2296 Pulcherrimis
984 2231 1119 2297 versibus
1148 2231 1290 2297 Lucanus
1319 2231 1456 2318 Pompeii

337 2348 518 2413 desiderium
549 2349 703 2435 depinxit,
732 2350 880 2438 elegantia
904 2359 934 2415 et
957 2350 1072 2429 nitore,
1095 2349 1208 2415 Ovidio
1230 2373 1291 2415 non
1314 2351 1456 2438 indiguis.

340 2465 506 2554 Halcyouis
539 2468 720 2535 desiderium
755 2493 772 2534 a
804 2469 993 2535 Sulmonensi
1025 2475 1114 2555 polita
1148 2469 1301 2557 depictum
1323 2472 1347 2555 1)
1380 2491 1457 2535 com·

340 2609 418 2676 pone
452 2609 520 2653 cum
554 2587 691 2675 Pompeii
725 2589 854 2674 querelis
888 2612 905 2654 a
930 2575 1053 2654 Lucano
1077 2588 1251 2675 descriptis:
1276 2589 1327 2653 vix
1349 2589 1456 2654 diiudi-

342 2730 408 2774 care
441 2708 555 2794 possis,
578 2715 647 2772 uter
673 2708 828 2794 pulchrius
852 2715 943 2793 atque
966 2709 1132 2795 elegantius
1163 2707 1330 2773 amantium
1353 2731 1454 2773 sensus

343 2834 374 2894 et
395 2827 512 2893 dolores
534 2828 695 2913 aperuerit.

387 3067 549 3155 Pompeius
579 3089 649 3132 cum
680 3067 866 3140 senatoribus
892 3068 924 3132 in
955 3066 1048 3154 Epiro
1078 3066 1230 3132 tendebat.
1275 3065 1337 3133 Ubi
1365 3074 1459 3134 castra

344 3186 484 3254 babuerit
506 3186 647 3254 lucanus
669 3210 730 3252 non
752 3188 842 3268 dicit,
866 3209 964 3272 neque
986 3186 1220 3274 descriptionem
1242 3186 1376 3253 locorum
1399 3187 1458 3253 dat.

343 3307 415 3372 Non
446 3329 549 3372 omnes
578 3313 694 3382 autem,
730 3306 784 3392 qui
813 3307 920 3372 ducem
943 3306 1080 3370 comitati
1102 3312 1192 3386 sunt,
1223 3306 1252 3370 ei
1274 3306 1343 3369 usui
1369 3307 1459 3372 fuere.

345 3425 437 3492 Multi
464 3425 585 3512 quidem
615 3433 645 3491 et
667 3427 758 3491 fortes
780 3433 811 3492 et
833 3425 923 3512 periti
942 3425 1054 3491 milites
1077 3425 1272 3512 Hispaniensi
1292 3424 1372 3489 bello
1394 3447 1460 3488 con·

347 3544 427 3610 teoto
454 3545 487 3610 in
516 3544 643 3632 Epirum
670 3546 904 3625 conveniebant,
929 3553 965 3610 ut
987 3546 1076 3610 armis
1098 3544 1237 3631 Pompeii
1259 3565 1323 3609 sese
1345 3542 1460 3608 addice·

348 3672 430 3732 rente
453 3666 505 3731 sed
523 3687 652 3753 magnus
670 3687 791 3752 qnoque
810 3689 953 3732 numerus
971 3667 1150 3753 optimatum
1170 3665 1348 3751 Pompeium
1367 3663 1460 3728 secuti

348 3782 508 3850 Lentulum
531 3791 562 3850 et
584 3783 710 3851 Lucium
736 3769 905 3852 Domitium
927 3788 1097 3874 arrogantie
1120 3793 1211 3869 atque
1233 3784 1392 3849 insolentia
1410 3805 1461 3847 sua

327 4025 413 4036 ...—
420 4022 587 4032 -n—-n

381 4162 402 4232 ι)
419 4159 529 4218 usam.
548 4159 589 4216 ar
608 4159 758 4220 sao-ns.
