3308 5138
754 405 815 469 135

221 616 334 702 Libyae
367 615 461 678 situm
470 643 479 695 3
514 636 582 678 nam
611 614 775 679 Palinurus
797 637 857 678 nou
880 620 997 680 tautum
1020 616 1053 680 in
1076 613 1210 682 Lucania
1233 634 1341 678 nomen

222 758 310 802 suum
332 734 540 821 promontorio
563 734 660 800 dedit:

674 875 771 939 neque
794 855 875 918 enim
897 876 1025 940 aequore
1048 860 1166 920 tantum

377 975 515 1042 Ausonio
539 979 732 1039 monumenta
754 979 837 1038 tenes
859 979 1023 1059 portusque
1047 973 1166 1059 quietos

311 1136 314 1142 ·
377 1095 518 1160 Testatur
540 1093 634 1179 Libye
656 1091 791 1179 Phrygio
813 1091 958 1178 placuisse
979 1092 1129 1178 magister.

268 1216 406 1282 Cornelia
443 1215 523 1280 enim
557 1235 629 1279 nece
666 1213 766 1277 mariti
796 1213 861 1276 visa
892 1211 990 1298 primo
1020 1209 1058 1276 ab
1090 1213 1228 1298 Aegypto
1259 1211 1339 1276 abire

222 1336 377 1414 noluerat3
416 1334 537 1398 tandem
571 1331 709 1418 precibus
742 1329 827 1396 Sexti
859 1331 993 1417 privigni
1026 1337 1146 1395 exorata
1179 1330 1340 1395 consilium

222 1458 343 1540 ceperat
365 1451 506 1517 maritum
529 1449 668 1538 lugendi:
693 1449 760 1514 Ima·
778 1471 852 1514 nave
871 1448 1092 1514 delitiscentem
1114 1471 1211 1534 neque
1230 1449 1341 1514 fluctus

222 1595 323 1657 neque
352 1570 479 1659 procella
508 1591 626 1634 movere
659 1575 809 1655 potuerat.
855 1567 964 1632 Classis
987 1567 1119 1654 primum
1143 1569 1181 1634 ad
1211 1568 1343 1658 Cyprum

221 1691 399 1778 appellitur,
423 1689 501 1756 uude
525 1689 625 1754 ventis
648 1689 680 1753 in
702 1687 829 1775 Libyam
851 1693 917 1753 aeto
940 1687 973 1752 in
996 1669 1140 1753 Catanen¹
1154 1689 1339 1774 classemque

222 1812 289 1876 eius
312 1809 462 1875 incidunt.
487 1817 489 1822 '

269 1929 389 1994 Gnaeus
412 1928 591 2015 Pompeius,
616 1928 666 1993 cui
688 1949 827 2014 perverse
849 1931 940 2014 poe'ta
955 1950 1063 1993 nomeu
1075 1927 1181 2015 Magni
1197 1929 1343 2015 imposuit

223 2050 322 2134 (quod
352 2047 476 2134 quidem
507 2047 619 2111 vitium
642 2047 745 2133 paucis
767 2046 905 2112 versibus
927 2054 995 2134 post
1019 2048 1129 2112 iterum
1152 2047 1303 2134 admisit),
1327 2073 1344 2113 a

222 2171 315 2234 fratre
346 2167 437 2234 Sexto
460 2166 497 2231 de
519 2173 616 2230 morte
638 2165 732 2252 patris
754 2165 877 2231 edoctus
900 2165 1002 2230 statim
1025 2167 1198 2253 Aegyptum
1221 2169 1343 2253 aggredi

223 2290 310 2370 vult,
336 2293 371 2352 ut
388 2292 504 2374 patrem
527 2285 662 2350 occisum
683 2283 834 2366 vindicet,
859 2291 890 2350 11
912 2284 987 2350 Octo
1010 2283 1085 2349 iram
1107 2285 1198 2350 laude
1221 2286 1344 2372 quidem

224 2407 350 2494 diguam
372 2427 562 2492 compescens
585 2427 653 2469 euru
676 2403 795 2472 retinet.

146 2523 148 2530 ’
270 2526 374 2591 Funus
405 2525 475 2590 dein
504 2523 641 2611 Pompeii
674 2523 810 2610 exemplo
844 2548 946 2590 carens
969 2527 1159 2612 exsequitur,
1183 2547 1347 2610 numquam

224 2647 341 2711 luctus·
355 2649 458 2708 1111111
487 2642 573 2709 11111
599 2648 680 2708 erat:
704 2665 870 2729 numquam
893 2645 966 2710 tales
989 2645 1129 2731 planctus
1151 2667 1205 2731 per
1228 2645 1347 2710 aethera

225 2769 397 2830 sonuerant.
443 2762 584 2828 Cornelia
617 2763 649 2827 in
678 2761 764 2828 littus
792 2787 909 2851 egressa
939 2765 1039 2830 11111111
1068 2778 1168 2830 111111
1196 2764 1347 2829 comburit

225 2907 296 2949 cum
323 2883 414 2949 armis
443 2882 672 2970 insignibusque
701 2904 778 2967 quae
806 2889 951 2970 gestarat,
980 2890 1015 2949 ut
1044 2884 1110 2949 loco
1141 2883 1273 2969 corporis
1302 2905 1345 2947 es·

225 3009 302 3068 sent.
347 3002 434 3068 Licet
458 3001 571 3067 mortui
598 3024 707 3088 corpus
729 3001 865 3085 deficiat,
889 3009 990 3068 tamen
1012 3003 1103 3069 funus
1125 3004 1184 3068 ritu
1209 3002 1346 3090 legitimo

226 3121 404 3187 celebratur.
450 3119 525 3185 (lato
554 3119 758 3185 laudationem
792 3120 948 3186 funebrem
985 3121 1090 3202 habet,
1114 3146 1173 3208 111
1206 3122 1345 3212 Pompeii

226 3241 355 3306 virtutes
384 3239 422 3305 ad
448 3239 566 3305 coelum
593 3239 772 3321 efferuntur,
802 3247 909 3328 potens
940 3249 1065 3306 vocatur
1087 3243 1168 3308 salva
1190 3242 1340 3324 libertate,

227 3359 282 3445 qui
316 3364 432 3424 amatus
465 3359 567 3444 pacem
597 3365 727 3440 amaret,
747 3382 849 3445 'quem
879 3382 974 3445 aeque
1004 3367 1125 3448 sumpta
1155 3384 1190 3426 11
1220 3362 1344 3429 dimissa

227 3484 360 3567 potestas
391 3481 518 3545 iuvaret.
565 3477 636 3544 Non
666 3478 829 3565 Pompeius
856 3479 883 3543 is
913 3486 976 3545 erat
1005 3480 1114 3564 quiin
1137 3481 1230 3546 soceri
1253 3504 1346 3568 regno

227 3600 330 3664 vivere
352 3598 498 3684 potuisset
504 3624 514 3677 3
537 3596 611 3663 felix
633 3595 728 3683 igitur
751 3604 876 3664 1111111
898 3599 980 3685 quod
1003 3598 1161 3680 ceciderit,
1184 3599 1256 3665 licet
1278 3623 1345 3686 pro-

229 3718 348 3784 ditione
370 3719 429 3784 hoc
451 3717 479 3782 ei
506 3715 675 3802 contigerit.

339 3838 421 3903 Scire
443 3836 520 3902 111111
542 3858 605 3901 sors
627 3835 724 3923 prima
747 3835 835 3918 viris,
861 3836 913 3902 sed
936 3839 1086 3924 proxima:
1112 3837 1188 3924 cogi.

229 3955 337 4042 quibus
361 3957 459 4022 verbis
482 3954 558 4021 (1111
581 3955 731 4042 significat
754 3961 879 4021 mortem
903 3979 989 4023 suam
1012 3959 1186 4026 instantem.

273 4077 388 4141 Milites
411 4075 487 4140 duce
509 4075 665 4140 interfecto
688 4074 720 4139 in
740 4073 818 4140 bello
841 4097 1029 4160 perseverare
1050 4076 1168 4143 uolunt.
1215 4075 1344 4142 Cilicum

229 4218 349 4262 1111111111
379 4194 600 4281 aufugientium
623 4193 697 4259 Cato
729 4193 821 4259 classe
851 4202 972 4268 secutus
996 4195 1212 4282 deprehendit:
1237 4195 1345 4261 (latoni
