3308 5138
908 423 950 486 et

366 628 434 696 Iam
456 631 607 711 vidimus,
640 652 710 696 eum
736 628 869 696 moribus
890 631 996 717 patriis
1020 633 1210 719 comtemptis
1236 639 1326 719 atque
1355 635 1486 702 ludibrio

363 750 474 816 habitis
498 750 599 816 omnia
622 749 769 816 arbitratu
788 754 880 834 atque
901 749 1056 816 voluntate
1085 773 1140 816 sua
1165 750 1316 818 ordinasse
1336 759 1367 820 et
1392 756 1485 820 admi·

367 871 519 937 nistrasse.
544 869 629 950 Quae
647 868 727 955 apud
739 868 895 934 Caesarem
910 868 1128 950 desiderantur,
1147 870 1227 956 apud
1245 871 1375 938 Dionem
1394 881 1485 959 atque

364 988 538 1076 Appianum
559 988 715 1074 leguntur,
737 987 789 1073 qui
808 987 890 1053 nulla
912 1009 1000 1053 eausa
1023 987 1255 1070 adducebantur,
1280 1013 1333 1056 cur
1356 1015 1391 1057 ea
1412 996 1482 1060 reti-

366 1113 482 1188 cerent,
505 1130 522 1172 a
541 1107 651 1193 quibus
672 1113 702 1172 et
717 1106 777 1172 iam
792 1129 827 1172 ea
839 1107 1065 1189 confirmentur,
1084 1130 1162 1192 quae
1181 1109 1289 1175 ansm
1306 1121 1406 1178 narrat
1425 1113 1482 1180 sibi

363 1225 539 1308 laudabilia,
574 1249 607 1292 ea
637 1225 723 1307 volo,
760 1248 838 1310 quae
860 1225 924 1313 egit
949 1226 988 1292 ad
1017 1249 1068 1293 eos
1094 1227 1308 1311 sublevandos,
1341 1233 1395 1316 qui
1416 1255 1482 1298 aere

361 1345 458 1412 alieno
482 1345 583 1412 obruti
605 1352 714 1412 essent.
759 1344 895 1411 Breviter
914 1344 1120 1427 haecomnia,
1139 1349 1314 1434 praesertim
1337 1372 1381 1432 ea,
1406 1375 1481 1436 quae

362 1462 471 1530 Caesar
491 1464 630 1547 reticuit,
653 1464 792 1530 Lucanus
816 1463 909 1530 tradit
919 1514 929 1545 ,
946 1463 1082 1545 brevius,
1100 1487 1190 1550 quam
1209 1473 1244 1532 nt
1266 1467 1337 1534 inde
1360 1469 1479 1556 colliga·

363 1605 447 1666 mua,
476 1607 544 1650 eum
572 1584 697 1650 Livium
720 1590 855 1648 secutum
878 1605 958 1664 esse,
982 1584 1068 1649 ouius
1091 1586 1217 1673 vestigia
1242 1589 1384 1654 exomni
1413 1613 1479 1676 pro·

361 1704 521 1771 habilitate
551 1704 611 1770 Dio
642 1704 765 1791 pressit,
801 1725 931 1790 quocum
961 1710 1049 1790 po'c'ta
1079 1706 1240 1774 consentit.
1285 1707 1371 1775 Haec
1400 1711 1478 1775 enim

363 1826 479 1907 omnia,
512 1847 589 1910 quae
619 1824 655 1890 de
685 1823 810 1889 Caesare
843 1823 957 1888 Romae
990 1846 1036 1889 res
1071 1823 1243 1905 ordinante,
1278 1827 1476 1914 scripserunt,

360 1954 439 2012 certe
468 1968 505 2012 ex
535 1950 654 2010 auctore
682 1943 802 2009 Caesari
832 1943 969 2008 studioso
999 1943 1095 2030 petita
1126 1965 1187 2008 non
1217 1951 1299 2012 sunt.
1351 1945 1474 2032 Neque,

284 2073 287 2081 '
360 2065 476 2154 opinor,
496 2061 637 2130 Lucanus
659 2085 705 2129 ree
728 2061 876 2129 benevolo
900 2061 999 2127 animo
1022 2061 1170 2148 depinxit.

403 2185 541 2252 Breviter
559 2183 710 2250 institutis
732 2181 866 2248 Caesaris
888 2180 1059 2247 memoratis
1081 2181 1224 2246 Lucanus
1247 2182 1285 2248 ad
1307 2205 1371 2248 rem
1382 2185 1485 2271 magis-

358 2310 473 2392 aptam,
497 2304 547 2370 cui
569 2303 648 2369 vires
670 2301 803 2388 poeticas
829 2299 985 2382 adhibeat,
1010 2300 1128 2366 transit.
1173 2299 1378 2368 Notissimum
1396 2303 1472 2368 enim

358 2429 500 2492 conatum
520 2421 615 2486 Maris
627 2420 735 2508 Superi
758 2419 864 2507 cymba
886 2419 1072 2500 transeundi,
1092 2419 1171 2486 dico.
1194 2418 1351 2486 Brundisii
1362 2423 1472 2488 milites

357 2540 535 2629 praemissos
564 2539 692 2626 reperit,
724 2561 799 2624 quos
832 2539 903 2604 inde
936 2539 969 2603 in
1003 2537 1160 2604 Graeciam
1193 2538 1322 2607 traiecit.
1367 2540 1473 2606 Caesar

357 2660 563 2741 difficultates,
584 2682 602 2724 a
625 2658 748 2725 Lucano
771 2657 914 2738 traditas,
938 2679 1000 2722 non
1023 2664 1248 2725 commemorat.
1292 2657 1472 2726 Plutarchus

357 2803 428 2848 vero
440 2780 516 2846 dicit
530 2782 553 2866 ¹)
571 2801 640 2846 eum
658 2779 755 2845 altum
772 2777 896 2866 petiisse
906 2782 1057 2858 χειμῶνος
1077 2779 1107 2842 ἐν
1119 2785 1248 2860 τροπαῖς
1264 2777 1366 2855 ὄντος,
1392 2779 1472 2864 quod

356 2901 478 2988 quidem
503 2901 661 2988 Appianas
683 2900 867 2985 affirmat²):
890 2897 1042 2979 χειμερίοι
1067 2898 1098 2962 δὲ
1122 2892 1200 2972 ἦσαν
1226 2899 1337 2980 rporrul
1361 2906 1414 2966 aul
1436 2901 1469 2964 rt

353 3025 481 3100 πνεῦμα
515 3019 634 3086 ἄκοντα
671 3019 722 3084 nul
752 3016 963 3098 ἀσχάλλοντα
995 3016 1173 3082 κατεκώλυε
1203 3018 1299 3101 nezul
1332 3021 1385 3085 aul
1417 3020 1470 3094 riu

354 3140 473 3223 πρώτην
496 3145 550 3206 τοῦ
577 3138 661 3213 ἔτους
688 3137 803 3221 ἡμέραν
825 3139 856 3202 ἐν
876 3136 1040 3220 Βρεντεσίῳ
1062 3138 1235 3220 διατρῖψαι.
1275 3138 1371 3206 Plane
1401 3139 1471 3206 eade

355 3259 536 3326 Plutarchus
557 3259 589 3326 in
607 3257 744 3345 Pompeii
761 3257 832 3322 Vita
854 3257 948 3322 tradit
963 3259 1002 3342 ⁸).

397 3379 502 3445 Primo
524 3377 585 3444 iam
606 3377 671 3444 loco
693 3399 750 3442 nos
771 3399 881 3462 ponere
892 3399 968 3463 opus
990 3382 1051 3458 est,
1074 3377 1231 3444 Lucanum
1251 3377 1285 3443 in
1303 3378 1469 3445 describen-

353 3499 400 3566 dis
423 3499 557 3566 Caesaris
578 3496 665 3564 rebus
686 3496 780 3584 gestis
803 3495 892 3562 Italia
914 3495 1016 3561 relicta
1039 3519 1157 3566 summa
1178 3498 1361 3585 negligentia
1381 3522 1468 3567 usum

353 3641 426 3687 erse.
443 3619 511 3702 Qua
522 3641 554 3684 re
565 3640 603 3684 ne
614 3616 810 3697 offendamur,
823 3638 877 3681 nos
890 3615 1059 3682 meminisse
1075 3617 1107 3682 in
1120 3617 1224 3705 primis
1237 3623 1370 3704 oportet,
1388 3620 1469 3704 quod

351 3737 411 3804 iam
453 3761 542 3824 supra
580 3736 727 3817 diximus,
770 3735 935 3801 maximnm
969 3735 1129 3803 discrimen
1163 3736 1241 3804 inter
1273 3735 1468 3805 historiarum

380 4049 401 4120 Ι)
420 4047 494 4106 Caes.
513 4048 556 4107 37.

382 4135 614 4208 ηΕᾶΠΜ

380 4222 401 4296 ll
419 4222 514 4301 Pomp.
533 4225 578 4284 ot.
