3308 5138
739 427 798 486 115

201 652 238 694 ex
269 637 392 696 senatus
422 631 562 696 consulto
587 630 611 714 1)
618 658 628 710 ;
659 652 787 716 quarum
812 630 885 696 haec
908 631 1019 717 prima,
1044 631 1135 697 altera
1157 633 1245 698 tertia
1267 654 1318 718 ap·

199 750 380 837 pellaturl).
414 750 533 816 Primae
555 748 685 835 legionis
707 749 789 835 apud
811 748 970 816 Lucanum
995 773 1119 837 quoqne
1137 752 1249 816 mentio
1273 751 1318 816 fit.

199 867 336 934 Mediam
366 867 461 934 aciem
491 866 630 954 Pompeii
658 889 743 933 socer
772 867 874 955 Scipio
896 868 1016 948 tenebat
1046 891 1117 936 cum
1148 868 1318 958 legionibus

199 987 341 1073 Syriacis.
386 987 436 1052 Sic
459 986 540 1054 enim
562 985 670 1052 Caesar
691 986 795 1055 tradit.

242 1107 330 1188 Quae
342 1094 521 1194 sequuntur,
546 1106 628 1193 qnod
650 1107 688 1172 ad
710 1107 865 1174 contiones
888 1132 905 1174 a
927 1109 1053 1176 Lucano
1075 1108 1202 1176 traditas
1223 1107 1315 1196 perti·

197 1233 264 1308 net,
308 1227 397 1314 plene
430 1229 501 1293 ficta
535 1231 617 1293 sunt.
675 1226 833 1293 Orationes
873 1229 956 1316 ipsae
1001 1229 1169 1295 doctrinam
1206 1235 1315 1314 atque,

197 1351 234 1409 ut
273 1346 317 1410 ita
354 1347 473 1428 dicam,
516 1348 550 1411 νδ
588 1348 834 1430 φροντιοτνρίον,
869 1372 927 1414 non
964 1349 999 1414 πδ
1030 1349 1131 1416 πέδιον
1172 1348 1316 1415 redolent.

197 1465 292 1551 Apud
315 1463 469 1531 Gaesarem
499 1465 622 1551 quidem
652 1473 683 1532 at
715 1467 843 1533 Dionem
873 1468 1012 1534 Cassium
1049 1469 1139 1535 verba
1167 1467 1317 1534 eiusmodi

197 1584 428 1670 significationis
451 1585 637 1669 invenimus,
661 1586 741 1653 unde
761 1587 930 1674 colligimus
946 1586 1076 1654 Dionem
1096 1586 1177 1675 apud
1191 1585 1316 1652 Livium

197 1702 288 1769 verba
306 1704 439 1770 Caesaris
461 1705 585 1794 legisse,
611 1729 688 1793 quae
711 1682 837 1772 aLivio
860 1709 891 1774 in
911 1709 1006 1774 vicem
1026 1731 1062 1774 ex
1084 1706 1316 1775 Commentariis

196 1823 292 1908 petita
326 1847 389 1890 esse
412 1827 612 1913 suspicamur.
657 1829 816 1894 Lucanum
841 1828 937 1915 igitur
963 1852 999 1895 ex
1026 1828 1129 1894 eodem
1151 1828 1233 1892 fonte
1259 1847 1315 1890 sua

196 1945 326 2030 sumpsit
349 1967 411 2031 quo
424 1946 629 2016 DioCassius.
663 1949 773 2014 Caesar
795 1949 907 2014 milites
930 1949 1081 2014 allocutus
1104 1969 1173 2013 cum
1194 1946 1318 2012 militari

197 2086 279 2128 more
312 2065 350 2129 ad
375 2089 509 2152 pugnam
543 2069 758 2149 cohortaretur,
789 2091 850 2133 non
876 2067 984 2133 iisdem
1008 2067 1119 2148 verbis,
1143 2067 1195 2132 sed
1212 2065 1315 2132 eadem

197 2183 355 2250 verborum
378 2186 528 2252 sententia
551 2189 651 2254 utitur
668 2189 780 2273 quibus
791 2189 948 2255 Lucanus:
972 2188 1100 2254 testibus
1115 2210 1146 2252 se
1166 2185 1315 2252 militibus

197 2303 244 2366 nti
267 2326 370 2389 posse,
406 2312 520 2389 quanto
544 2308 645 2373 studio
668 2332 772 2394 paoem
793 2309 933 2395 petisset,
958 2330 1034 2393 quae
1061 2328 1114 2394 per
1139 2305 1314 2384 Vatinium,

195 2445 247 2508 per
282 2427 321 2490 A.
345 2423 488 2491 Clodium
515 2411 641 2514 egisset,
678 2429 790 2514 quibus
825 2428 920 2494 modis
954 2426 992 2493 de
1024 2426 1130 2514 legatis
1160 2423 1316 2491 mittendis

196 2543 408 2610 contendisset.
453 2547 563 2634 Neque
586 2571 617 2613 se
641 2571 785 2635 umquem
810 2549 897 2614 abuti
920 2548 1054 2614 militum
1075 2544 1242 2633 sanguine,
1264 2566 1315 2608 ne-

196 2685 256 2747 que
278 2685 341 2728 rem
367 2664 522 2752 publicam
545 2668 690 2734 alterutro
714 2670 849 2735 exercitu
871 2669 988 2756 privare
1010 2666 1142 2734 voluisse
1161 2668 1198 2751 ⁸).
1227 2661 1314 2728 Dixit

196 2788 326 2870 uterque
353 2785 416 2850 dux
442 2823 485 2840 -
505 2787 565 2853 Dio
587 2787 690 2874 inquit
701 2791 727 2874 ⁴)
752 2828 794 2838 -
814 2790 905 2854 παιδ’
920 2787 978 2853 ὅσα
992 2789 1021 2853 ἐν
1043 2787 1084 2868 τῷ
1099 2785 1224 2865 τοιούτῳ
1242 2783 1313 2862 πρός

193 2925 229 2968 πε
252 2905 287 2968 πὸ
309 2905 425 2971 αὐτίκα
441 2911 494 2971 ποῦ
519 2907 653 2973 κινδύνου
674 2909 727 2974 καὶ
752 2909 826 2990 πρὸς
846 2909 880 2973 πὸ
903 2906 1014 2974 ἔπειτα
1029 2905 1138 2988 πρέπει
1151 2903 1311 2983 λέγεσθαι.

194 3022 230 3088 ἔκ
254 3048 291 3090 πε
311 3025 373 3106 γὰρ
393 3033 449 3101 πῆς
470 3028 567 3102 αὐτῆς
589 3029 750 3102 πολιτείας
771 3028 936 3109 ὁρμώμενοι
956 3027 1008 3092 καὶ
1034 3026 1107 3107 ὑπὲρ
1128 3029 1186 3090 πῶν
1210 3024 1311 3089 αὐτῶν

193 3144 306 3223 λόγους
338 3145 528 3226 ποιούμενοι,
565 3147 617 3214 καὶ
653 3149 811 3224 ἀλλήλους
844 3171 879 3212 πε
914 3144 1075 3228 ποριέννονς
1111 3145 1163 3210 καὶ
1201 3145 1312 3216 αὑτοὺς

194 3265 398 3346 ε’λεοθεριοποδς
434 3268 535 3334 αὐτῶν
565 3267 764 3353 ὀνομάζοντες
773 3317 784 3347 ,
815 3265 899 3333 οὐδέν
929 3272 1020 3350 οφιον
1042 3265 1184 3349 διάφορον
1212 3266 1310 3330 εἰπεῖν

193 3384 306 3467 ἔσχον,
331 3387 406 3452 ἀλλ’
427 3383 472 3454 ὅτι
494 3396 558 3461 τοῖς
579 3389 637 3468 μὲν
655 3390 819 3455 ἀποθανεῖν
826 3439 836 3471 ,
859 3395 922 3460 τοῖς
947 3387 978 3452 δὲ
998 3387 1146 3467 ποθῆναι,
1170 3386 1221 3452 καὶ
1246 3393 1310 3456 τοῖς

193 3506 250 3584 μὲν
275 3507 492 3587 αἰχμαλώτοις
501 3560 511 3590 ,
534 3517 597 3584 τοῖς
630 3510 662 3575 δὲ
689 3512 720 3576 ἐν
738 3505 888 3576 δεσπότου
913 3507 1004 3592 μοίρα
1030 3507 1137 3572 ποίνπα
1162 3531 1198 3572 πε
1224 3504 1309 3586 ἔχειν
1386 3547 1387 3551 =

194 3625 350 3700 ἥπανπαν
371 3631 569 3711 στερηθῆναι,
596 3631 649 3696 καὶ
674 3631 814 3708 παθεῖνῆ
835 3636 959 3706 ποιῆοαι
975 3627 1154 3708 δεινότατα,
1172 3625 1311 3708 ὑπάρξει.

190 3827 458 3841 ω

124 4007 125 4012 1
225 3970 245 4036 ¹)
264 3971 339 4028 Caes.
356 3971 388 4028 B.
407 3969 477 4030 0.1.
497 3973 512 4029 δ
531 3976 559 4030 et
578 3976 603 4032 3.

225 4059 249 4130 ²)
265 4059 339 4118 Caes.
357 4060 388 4115 B.
407 4059 436 4116 O.
455 4060 510 4119 ΙΙΙ,
528 4063 571 4119 88.

225 4145 246 4216 ⁵)
264 4145 296 4203 B.
314 4145 418 4205 c.111.
437 4147 479 4204 90.

225 4232 247 4302 ⁴)
265 4232 338 4291 (lass.
355 4231 409 4291 Dio
426 4232 458 4290 B.
477 4233 507 4303 0,
525 4233 601 4294 an
619 4235 663 4296 57.
