3308 5138
717 407 777 470 lll

187 609 296 675 Caesar
320 616 350 674 et
372 611 531 690 Lucanus,
553 633 611 675 nos
635 609 732 676 docet.
767 613 859 694 Quod
883 611 935 678 ubi
953 613 1303 698 Caesaranimadvertit,

186 729 274 815 siguo
297 729 366 794 dato
389 735 513 815 quartae
535 729 611 794 aciei
633 729 666 794 in
688 730 825 817 Pompeii
848 733 964 820 equites
989 740 1079 799 tanta
1102 735 1132 800 vi
1155 737 1302 824 impetum

186 849 339 929 lecerunt,
375 855 411 914 ut
441 873 528 914 nemo
553 871 656 914 eorum
679 849 871 933 consisteret,
896 875 1059 939 omnesque
1082 856 1303 921 conversiinon

185 968 286 1033 solum
317 969 384 1033 loco
407 969 598 1048 excederent,
633 967 684 1034 red
707 969 846 1054 protinus
869 970 956 1037 celeri
982 973 1056 1058 fuga
1084 980 1201 1040 montes
1224 975 1305 1040 altis·

184 1087 277 1152 simos
300 1092 443 1173 peterent.
490 1086 539 1151 Ita
561 1086 668 1152 Caesar
691 1109 763 1152 cum
785 1095 873 1176 poeta
897 1092 1086 1158 consentiens
1104 1096 1140 1179 1).

228 1205 357 1291 Equites
388 1211 577 1269 momentum
607 1228 749 1292 maguum
780 1207 817 1272 ad
846 1231 980 1296 pugnam
1003 1210 1119 1276 dedisse
1142 1218 1171 1276 et
1194 1210 1303 1275 Florus

183 1326 321 1390 affirmat.
366 1323 521 1389 Caesarem
554 1324 655 1410 ipsum
689 1325 823 1390 multum
856 1327 888 1392 iu
923 1328 989 1414 ipsa
1022 1352 1124 1415 pugna
1152 1336 1304 1396 versatum

184 1468 261 1524 esse,
294 1450 325 1509 et
354 1467 391 1508 ex
419 1443 527 1508 Orosio
562 1449 593 1508 et
621 1467 657 1509 ex
679 1444 767 1510 Floro
790 1452 820 1510 et
842 1469 878 1511 ex
901 1447 1041 1533 Appiano
1065 1448 1164 1534 colligi
1189 1456 1305 1537 potest:

184 1565 265 1629 unde
286 1563 381 1650 igitur
400 1557 543 1628 Lucanus
561 1565 699 1651 petierit,
721 1565 807 1630 facile
827 1566 993 1654 colligetur.
1028 1567 1182 1634 Caesarem
1202 1575 1304 1634 autem

184 1685 287 1748 hastae
308 1683 428 1748 verbere
451 1690 583 1748 cessante
604 1706 675 1748 suos
697 1683 841 1750 excitasse
865 1692 956 1770 atque
974 1687 1006 1751 in
1018 1693 1168 1753 senatores
1183 1689 1304 1775 potissi·

184 1827 269 1869 mum
286 1802 440 1883 saeviisse,
465 1802 579 1867 nullius
603 1802 776 1868 testimonio
799 1805 1002 1872 confirmatur.
1026 1807 1066 1870 Et
1082 1807 1163 1893 apud
1180 1808 1305 1873 Florum

183 1923 314 2010 legimus
344 1921 480 1986 Caesaris
510 1921 703 1988 notissimum
734 1931 943 2010 praeceptum,
968 1925 1079 1990 milites
1102 1926 1192 1992 facies
1215 1928 1303 1992 ferire

185 2049 335 2129 oportere,
355 2043 437 2127 quod
456 2041 625 2108 Mommsen
636 2043 678 2107 ita
690 2043 822 2130 explicat
835 2045 877 2130 2);
900 2044 978 2124 ,Die
990 2044 1171 2126 Infanterie,
1196 2045 1307 2112 welche

183 2163 249 2227 hier
266 2162 385 2248 ingena
397 2161 573 2248 irregulttrer
585 2161 685 2227 Weiss
699 2163 822 2227 offensis
835 2185 928 2248 gagen
941 2163 989 2228 die
1002 2163 1163 2228 Cavallerie
1175 2163 1304 2244 anstrat,

184 2283 236 2347 der
269 2281 327 2346 mit
362 2280 469 2348 Sabeln
504 2282 589 2346 nicht
618 2281 667 2346 bei
697 2305 736 2345 au
766 2282 906 2346 kommen
937 2305 1014 2361 war,
1040 2283 1128 2346 sollte
1151 2283 1216 2348 ihre
1239 2283 1304 2348 Pila

184 2401 269 2466 nicht
299 2399 462 2482 abuerlen,
495 2401 624 2466 sondern
654 2402 697 2466 sie
726 2401 767 2466 als
795 2401 988 2487 Handspeere
1010 2423 1105 2487 gegen
1131 2401 1180 2466 die
1202 2403 1305 2468 Reiter

184 2520 333 2586 brauchen
364 2521 428 2585 und
458 2543 511 2584 um
534 2519 629 2584 dieser
653 2519 717 2584 sich
738 2519 837 2586 besser
859 2543 897 2584 nu
920 2519 1085 2602 erwehren,
1110 2519 1204 2585 damit
1226 2522 1304 2586 nach

185 2641 261 2707 oben
285 2663 324 2704 zu
347 2637 492 2706 stossen.'’
540 2639 694 2703 Plutarchi
718 2640 797 2704 enim
822 2640 911 2704 verba
934 2638 1007 2704 salsa
1022 2638 1157 2705 habenda
1176 2644 1303 2726 sunt⁸):

183 2764 214 2826 οὐ
246 2761 308 2840 γὰρ
340 2759 495 2840 ἠνείχοντο
525 2759 584 2823 τῶν
610 2759 707 2823 ὑσσῶν
731 2759 985 2842 ἀναφερομένων,
1018 2759 1083 2824 οὐδὲ
1109 2758 1246 2838 ἐτόλμων
1275 2761 1305 2823 ἕν

184 2883 358 2962 ὄφθοολμοῖς
382 2880 432 2944 σὸν
459 2879 575 2960 σίδηρον
601 2879 742 2960 ὁρῶντες,
766 2881 841 2943 aaa’
862 2877 1094 2961 ἀπεστρέφοντο
1110 2879 1163 2942 acl
1178 2904 1306 2944 σονεκοο·

182 3001 335 3068 adaccaro
357 2999 530 3082 φειδόμενον
553 3004 611 3064 τῶν
623 3001 803 3081 προσώπων,
822 2999 860 3065 ob
872 2999 949 3063 hanc
961 2999 1056 3084 ipsam
1069 3021 1206 3076 causam,
1231 2999 1304 3084 quia

182 3125 353 3210 equitatum
372 3122 508 3210 Pompeii
528 3146 587 3188 non
608 3123 754 3210 imprimis
775 3122 847 3194 νὲως
868 3120 920 3185 acl
946 3126 1097 3200 κοσμῶσιν
1122 3119 1171 3184 ἐπὶ
1192 3121 1310 3182 catatu

182 3245 234 3310 acl
266 3242 326 3328 ὅροι
357 3241 556 3330 compositum
581 3243 672 3308 fuisse
695 3247 835 3330 apparet,
864 3247 900 3305 ut
923 3239 1106 3305 Plutarchus
1129 3238 1233 3304 eodem
1257 3260 1302 3302 ca·

181 3367 246 3454 pite
270 3387 324 3429 nos
348 3363 452 3428 docere
475 3363 554 3429 vult.

224 3482 398 3548 Eorundem
431 3483 592 3548 verborum
624 3482 706 3568 apud
729 3481 873 3547 Orosium
899 3479 1014 3544 mentio
1038 3480 1090 3559 fit,
1123 3478 1176 3562 qui
1212 3477 1304 3542 etiam

181 3607 395 3670 commemorat
431 3609 547 3684 ,eastra
576 3601 742 3688 diripienda
773 3599 867 3668 esse.'’
913 3598 1011 3664 Cuius
1040 3599 1082 3662 rei
1105 3597 1180 3682 quid
1203 3595 1301 3660 consi-

179 3725 258 3790 lium
280 3728 358 3789 esset
381 3745 471 3808 supra
494 3721 664 3790 docuimus
698 3721 745 3787 Ex
768 3721 850 3786 omni
872 3725 956 3808 parte
979 3740 1048 3784 cum
1069 3717 1159 3782 Floro
1180 3722 1210 3780 ct
1226 3715 1301 3780 Oro·

213 4037 233 4104 Ι)
252 4035 285 4090 Β.
303 4034 332 4091 O.
351 4034 405 4090 III.
425 4035 468 4090 93.

212 4119 231 4186 ²)
251 4119 285 4175 R.
305 4119 336 4173 G.
357 4119 491 4181 lineat.

212 4203 233 4276 ⁵)
253 4203 327 4259 Caes.
345 4205 388 4260 45.
