<?xml version="1.0" encoding="UTF-8"?>
<!DOCTYPE html PUBLIC "-//W3C//DTD XHTML 1.0 Transitional//EN"
    "http://www.w3.org/TR/xhtml1/DTD/xhtml1-transitional.dtd">
<html xmlns="http://www.w3.org/1999/xhtml" xml:lang="en" lang="en">
 <head>
  <title>
</title>
<meta http-equiv="Content-Type" content="text/html;charset=utf-8" />
  <meta name='ocr-system' content='tesseract 3.04.00' />
  <meta name='ocr-capabilities' content='ocr_page ocr_carea ocr_par ocr_line ocrx_word'/>
</head>
<body>
  <div class='ocr_page' id='page_1' title='image "./delucanifontibu00singgoog_0156.png"; bbox 0 0 3308 5138; ppageno 0'>
   <div class='ocr_carea' id='block_1_1' title="bbox 733 420 792 482">
    <p class='ocr_par' dir='ltr' id='par_1_1' title="bbox 733 420 792 482">
     <span class='ocr_line' id='line_1_1' title="bbox 733 420 792 482; baseline 0.034 -2"><span class='ocrx_word' id='word_1_1' title='bbox 733 420 792 482; x_wconf 80' lang='lat'><strong>145</strong></span> 
     </span>
    </p>
   </div>
   <div class='ocr_carea' id='block_1_2' title="bbox 202 623 1316 714">
    <p class='ocr_par' dir='ltr' id='par_1_2' title="bbox 202 588 1316 714">
     <span class='ocr_line' id='line_1_2' title="bbox 202 623 1316 714; baseline -0.002 -24"><span class='ocrx_word' id='word_1_2' title='bbox 202 647 306 712; x_wconf 85' lang='lat' dir='ltr'><strong>nempe</strong></span> <span class='ocrx_word' id='word_1_3' title='bbox 336 627 454 714; x_wconf 79' lang='lat' dir='ltr'><strong>agitu13</strong></span> <span class='ocrx_word' id='word_1_4' title='bbox 477 648 547 692; x_wconf 90' lang='lat' dir='ltr'><strong>nam</strong></span> <span class='ocrx_word' id='word_1_5' title='bbox 569 625 673 712; x_wconf 88' lang='lat' dir='ltr'><strong>regina</strong></span> <span class='ocrx_word' id='word_1_6' title='bbox 695 625 826 690; x_wconf 89' lang='lat' dir='ltr'><strong>adultera</strong></span> <span class='ocrx_word' id='word_1_7' title='bbox 850 623 882 688; x_wconf 90' lang='lat' dir='ltr'><strong>in</strong></span> <span class='ocrx_word' id='word_1_8' title='bbox 905 646 940 690; x_wconf 89' lang='lat' dir='ltr'><strong>eo</strong></span> <span class='ocrx_word' id='word_1_9' title='bbox 963 629 1024 705; x_wconf 89' lang='lat' dir='ltr'><strong>est,</strong></span> <span class='ocrx_word' id='word_1_10' title='bbox 1050 630 1085 690; x_wconf 92' lang='lat' dir='ltr'><strong>ut</strong></span> <span class='ocrx_word' id='word_1_11' title='bbox 1107 625 1234 712; x_wconf 85' lang='lat' dir='ltr'><strong>patriam</strong></span> <span class='ocrx_word' id='word_1_12' title='bbox 1257 623 1316 689; x_wconf 86' lang='lat' dir='ltr'><strong>Ro·</strong></span> 
     </span>
    </p>
   </div>
   <div class='ocr_carea' id='block_1_3' title="bbox 196 733 1320 3942">
    <p class='ocr_par' dir='ltr' id='par_1_3' title="bbox 200 733 1319 1309">
     <span class='ocr_line' id='line_1_3' title="bbox 202 733 1315 831; baseline -0.003 -21"><span class='ocrx_word' id='word_1_13' title='bbox 202 766 288 810; x_wconf 93' lang='lat' dir='ltr'><strong>mano</strong></span> <span class='ocrx_word' id='word_1_14' title='bbox 311 745 420 812; x_wconf 88' lang='lat' dir='ltr'><strong>victori</strong></span> <span class='ocrx_word' id='word_1_15' title='bbox 443 744 550 812; x_wconf 89' lang='lat' dir='ltr'><strong>tradat.</strong></span> <span class='ocrx_word' id='word_1_16' title='bbox 581 733 744 831; x_wconf 87' lang='lat' dir='ltr'><strong>Optimum</strong></span> <span class='ocrx_word' id='word_1_17' title='bbox 763 743 825 808; x_wconf 85' lang='lat' dir='ltr'><strong>iore</strong></span> <span class='ocrx_word' id='word_1_18' title='bbox 843 741 996 808; x_wconf 83' lang='lat' dir='ltr'>Pothinus</span> <span class='ocrx_word' id='word_1_19' title='bbox 1007 741 1050 808; x_wconf 87' lang='lat' dir='ltr'><strong>ait</strong></span> <span class='ocrx_word' id='word_1_20' title='bbox 1066 743 1199 810; x_wconf 83' lang='lat' dir='ltr'><strong>tumultu</strong></span> <span class='ocrx_word' id='word_1_21' title='bbox 1212 742 1315 808; x_wconf 91' lang='lat' dir='ltr'><strong>subito</strong></span> 
     </span>
     <span class='ocr_line' id='line_1_4' title="bbox 201 861 1313 951; baseline -0.004 -21"><span class='ocrx_word' id='word_1_22' title='bbox 201 863 311 930; x_wconf 89' lang='lat' dir='ltr'><strong>bellum</strong></span> <span class='ocrx_word' id='word_1_23' title='bbox 334 863 434 929; x_wconf 92' lang='lat' dir='ltr'><strong>moliri</strong></span> <span class='ocrx_word' id='word_1_24' title='bbox 456 871 547 951; x_wconf 90' lang='lat' dir='ltr'><strong>atque</strong></span> <span class='ocrx_word' id='word_1_25' title='bbox 568 863 756 950; x_wconf 81' lang='lat' dir='ltr'>Cleopatram</span> <span class='ocrx_word' id='word_1_26' title='bbox 777 862 810 928; x_wconf 91' lang='lat' dir='ltr'><strong>in</strong></span> <span class='ocrx_word' id='word_1_27' title='bbox 832 862 899 950; x_wconf 91' lang='lat' dir='ltr'><strong>ipso</strong></span> <span class='ocrx_word' id='word_1_28' title='bbox 920 863 1058 950; x_wconf 83' lang='lat' dir='ltr'><strong>amplexu</strong></span> <span class='ocrx_word' id='word_1_29' title='bbox 1081 863 1216 930; x_wconf 79' lang='lat' dir='ltr'>Caesaris</span> <span class='ocrx_word' id='word_1_30' title='bbox 1236 861 1313 928; x_wconf 91' lang='lat' dir='ltr'><strong>occi·</strong></span> 
     </span>
     <span class='ocr_line' id='line_1_5' title="bbox 200 963 1319 1070; baseline -0.002 -22"><span class='ocrx_word' id='word_1_31' title='bbox 200 982 279 1064; x_wconf 84' lang='lat' dir='ltr'><strong>dere3</strong></span> <span class='ocrx_word' id='word_1_32' title='bbox 298 982 406 1049; x_wconf 81' lang='lat' dir='ltr'><strong>Caesar</strong></span> <span class='ocrx_word' id='word_1_33' title='bbox 421 983 485 1070; x_wconf 88' lang='lat' dir='ltr'><strong>ipse</strong></span> <span class='ocrx_word' id='word_1_34' title='bbox 497 983 613 1049; x_wconf 89' lang='lat' dir='ltr'><strong>occisus</strong></span> <span class='ocrx_word' id='word_1_35' title='bbox 624 983 683 1048; x_wconf 90' lang='lat' dir='ltr'><strong>hoo</strong></span> <span class='ocrx_word' id='word_1_36' title='bbox 695 987 844 1070; x_wconf 88' lang='lat' dir='ltr'><strong>praestare</strong></span> <span class='ocrx_word' id='word_1_37' title='bbox 855 981 976 1070; x_wconf 89' lang='lat' dir='ltr'><strong>poterit,</strong></span> <span class='ocrx_word' id='word_1_38' title='bbox 990 963 1026 1048; x_wconf 83' lang='lat' dir='ltr'><strong>ut</strong></span> <span class='ocrx_word' id='word_1_39' title='bbox 1038 982 1219 1049; x_wconf 76' lang='lat' dir='ltr'><strong>nocentibus</strong></span> <span class='ocrx_word' id='word_1_40' title='bbox 1230 979 1319 1048; x_wconf 89' lang='lat' dir='ltr'><strong>caede</strong></span> 
     </span>
     <span class='ocr_line' id='line_1_6' title="bbox 200 1101 835 1190; baseline 0.003 -23"><span class='ocrx_word' id='word_1_41' title='bbox 200 1101 338 1190; x_wconf 93' lang='lat' dir='ltr'><strong>Pompeii</strong></span> <span class='ocrx_word' id='word_1_42' title='bbox 360 1101 489 1190; x_wconf 88' lang='lat' dir='ltr'><strong>populus</strong></span> <span class='ocrx_word' id='word_1_43' title='bbox 515 1103 667 1168; x_wconf 89' lang='lat' dir='ltr'><strong>Romanus</strong></span> <span class='ocrx_word' id='word_1_44' title='bbox 690 1102 835 1190; x_wconf 76' lang='lat' dir='ltr'><strong>ignoscat.</strong></span> 
     </span>
     <span class='ocr_line' id='line_1_7' title="bbox 644 1221 1206 1309; baseline 0.002 -24"><span class='ocrx_word' id='word_1_45' title='bbox 644 1223 693 1287; x_wconf 84' lang='lat' dir='ltr'><strong>&#39;Pu</strong></span> <span class='ocrx_word' id='word_1_46' title='bbox 716 1244 803 1309; x_wconf 87' lang='lat' dir='ltr'><strong>parce</strong></span> <span class='ocrx_word' id='word_1_47' title='bbox 826 1259 869 1274; x_wconf 95' lang='lat'><em>-</em></span> <span class='ocrx_word' id='word_1_48' title='bbox 891 1221 993 1308; x_wconf 90' lang='lat' dir='ltr'><strong>inquit</strong></span> <span class='ocrx_word' id='word_1_49' title='bbox 1016 1259 1057 1274; x_wconf 90' lang='lat'><em>-</em></span> <span class='ocrx_word' id='word_1_50' title='bbox 1080 1221 1206 1304; x_wconf 87' lang='lat' dir='ltr'><strong>morari,</strong></span> 
     </span>
    </p>

    <p class='ocr_par' dir='ltr' id='par_1_4' title="bbox 286 1338 1233 1430">
     <span class='ocr_line' id='line_1_8' title="bbox 286 1338 1233 1430; baseline 0.003 -26"><span class='ocrx_word' id='word_1_51' title='bbox 286 1338 414 1407; x_wconf 89' lang='lat' dir='ltr'><strong>Plenum</strong></span> <span class='ocrx_word' id='word_1_52' title='bbox 437 1340 531 1428; x_wconf 88' lang='lat' dir='ltr'><strong>epulis</strong></span> <span class='ocrx_word' id='word_1_53' title='bbox 554 1341 772 1428; x_wconf 88' lang='lat' dir='ltr'><strong>madidumque</strong></span> <span class='ocrx_word' id='word_1_54' title='bbox 792 1341 863 1408; x_wconf 83' lang='lat' dir='ltr'><strong>vino</strong></span> <span class='ocrx_word' id='word_1_55' title='bbox 883 1341 1055 1428; x_wconf 81' lang='lat' dir='ltr'><strong>Venerique</strong></span> <span class='ocrx_word' id='word_1_56' title='bbox 1077 1347 1233 1430; x_wconf 85' lang='lat' dir='ltr'><strong>paratum,</strong></span> 
     </span>
    </p>

    <p class='ocr_par' dir='ltr' id='par_1_5' title="bbox 286 1459 1061 1549">
     <span class='ocr_line' id='line_1_9' title="bbox 286 1459 1061 1549; baseline 0.004 -25"><span class='ocrx_word' id='word_1_57' title='bbox 286 1459 443 1541; x_wconf 83' lang='lat' dir='ltr'><strong>Invenies3</strong></span> <span class='ocrx_word' id='word_1_58' title='bbox 467 1461 561 1544; x_wconf 87' lang='lat' dir='ltr'><strong>aude,</strong></span> <span class='ocrx_word' id='word_1_59' title='bbox 585 1462 686 1549; x_wconf 83' lang='lat' dir='ltr'><strong>superi</strong></span> <span class='ocrx_word' id='word_1_60' title='bbox 699 1463 723 1548; x_wconf 89' lang='lat'><strong>1)</strong></span> <span class='ocrx_word' id='word_1_61' title='bbox 747 1466 793 1526; x_wconf 92' lang='lat' dir='ltr'><strong>tot</strong></span> <span class='ocrx_word' id='word_1_62' title='bbox 816 1467 886 1526; x_wconf 86' lang='lat' dir='ltr'><strong>vota</strong></span> <span class='ocrx_word' id='word_1_63' title='bbox 912 1460 1061 1528; x_wconf 84' lang='lat' dir='ltr'><strong>Catonum</strong></span> 
     </span>
    </p>

    <p class='ocr_par' dir='ltr' id='par_1_6' title="bbox 287 1578 761 1666">
     <span class='ocr_line' id='line_1_10' title="bbox 287 1578 761 1666; baseline 0.006 -22"><span class='ocrx_word' id='word_1_64' title='bbox 287 1578 513 1666; x_wconf 86' lang='lat' dir='ltr'><strong>Brutorumque</strong></span> <span class='ocrx_word' id='word_1_65' title='bbox 536 1580 593 1647; x_wconf 93' lang='lat' dir='ltr'><strong>tibi</strong></span> <span class='ocrx_word' id='word_1_66' title='bbox 616 1581 761 1649; x_wconf 90' lang='lat' dir='ltr'><strong>tribuent.</strong></span> 
     </span>
    </p>

    <p class='ocr_par' dir='ltr' id='par_1_7' title="bbox 196 1697 1319 2369">
     <span class='ocr_line' id='line_1_11' title="bbox 241 1697 1315 1788; baseline 0 -24"><span class='ocrx_word' id='word_1_67' title='bbox 241 1697 378 1765; x_wconf 87' lang='lat' dir='ltr'><strong>Achillas</strong></span> <span class='ocrx_word' id='word_1_68' title='bbox 412 1700 549 1767; x_wconf 78' lang='lat' dir='ltr'><strong>suadenti</strong></span> <span class='ocrx_word' id='word_1_69' title='bbox 583 1700 768 1788; x_wconf 84' lang='lat' dir='ltr'><strong>obsequitur.</strong></span> <span class='ocrx_word' id='word_1_70' title='bbox 814 1701 897 1768; x_wconf 82' lang='lat' dir='ltr'><strong>Clam</strong></span> <span class='ocrx_word' id='word_1_71' title='bbox 938 1699 1047 1766; x_wconf 84' lang='lat' dir='ltr'><strong>milites</strong></span> <span class='ocrx_word' id='word_1_72' title='bbox 1082 1700 1191 1766; x_wconf 87' lang='lat' dir='ltr'><strong>armari</strong></span> <span class='ocrx_word' id='word_1_73' title='bbox 1211 1698 1315 1780; x_wconf 90' lang='lat' dir='ltr'><strong>iubet,</strong></span> 
     </span>
     <span class='ocr_line' id='line_1_12' title="bbox 196 1820 1317 1909; baseline -0.001 -25"><span class='ocrx_word' id='word_1_74' title='bbox 196 1841 328 1905; x_wconf 91' lang='lat' dir='ltr'><strong>quorum</strong></span> <span class='ocrx_word' id='word_1_75' title='bbox 356 1820 485 1885; x_wconf 86' lang='lat' dir='ltr'><strong>maxima</strong></span> <span class='ocrx_word' id='word_1_76' title='bbox 507 1843 576 1908; x_wconf 87' lang='lat' dir='ltr'><strong>pars</strong></span> <span class='ocrx_word' id='word_1_77' title='bbox 598 1820 683 1909; x_wconf 91' lang='lat' dir='ltr'><strong>plebs</strong></span> <span class='ocrx_word' id='word_1_78' title='bbox 704 1821 810 1889; x_wconf 81' lang='lat' dir='ltr'><strong>Latiae</strong></span> <span class='ocrx_word' id='word_1_79' title='bbox 834 1845 851 1887; x_wconf 90' lang='lat' dir='ltr'><strong>a</strong></span> <span class='ocrx_word' id='word_1_80' title='bbox 873 1827 963 1909; x_wconf 68' lang='lat' dir='ltr'><strong>poeta</strong></span> <span class='ocrx_word' id='word_1_81' title='bbox 986 1827 1129 1902; x_wconf 87' lang='lat' dir='ltr'><strong>vocatur,</strong></span> <span class='ocrx_word' id='word_1_82' title='bbox 1154 1841 1229 1906; x_wconf 90' lang='lat' dir='ltr'><strong>qnos</strong></span> <span class='ocrx_word' id='word_1_83' title='bbox 1256 1841 1317 1884; x_wconf 91' lang='lat' dir='ltr'><strong>non</strong></span> 
     </span>
     <span class='ocr_line' id='line_1_13' title="bbox 196 1937 1318 2025; baseline -0.002 -21"><span class='ocrx_word' id='word_1_84' title='bbox 196 1939 307 2025; x_wconf 91' lang='lat' dir='ltr'><strong>puduit</strong></span> <span class='ocrx_word' id='word_1_85' title='bbox 337 1961 422 2005; x_wconf 89' lang='lat' dir='ltr'><strong>servo</strong></span> <span class='ocrx_word' id='word_1_86' title='bbox 454 1940 526 2006; x_wconf 90' lang='lat' dir='ltr'><strong>duci</strong></span> <span class='ocrx_word' id='word_1_87' title='bbox 556 1939 678 2006; x_wconf 86' lang='lat' dir='ltr'><strong>obedire</strong></span> <span class='ocrx_word' id='word_1_88' title='bbox 717 1940 827 2006; x_wconf 91' lang='lat' dir='ltr'><strong>oblitos</strong></span> <span class='ocrx_word' id='word_1_89' title='bbox 858 1941 989 2007; x_wconf 90' lang='lat' dir='ltr'><strong>nominis</strong></span> <span class='ocrx_word' id='word_1_90' title='bbox 1022 1939 1164 2006; x_wconf 90' lang='lat' dir='ltr'><strong>Romani.</strong></span> <span class='ocrx_word' id='word_1_91' title='bbox 1209 1937 1318 2004; x_wconf 86' lang='lat' dir='ltr'><strong>Omnia</strong></span> 
     </span>
     <span class='ocr_line' id='line_1_14' title="bbox 198 2057 1318 2147; baseline -0.003 -24"><span class='ocrx_word' id='word_1_92' title='bbox 198 2059 235 2124; x_wconf 89' lang='lat' dir='ltr'><strong>ad</strong></span> <span class='ocrx_word' id='word_1_93' title='bbox 259 2057 372 2125; x_wconf 91' lang='lat' dir='ltr'><strong>bellum</strong></span> <span class='ocrx_word' id='word_1_94' title='bbox 396 2067 501 2147; x_wconf 88' lang='lat' dir='ltr'><strong>parete</strong></span> <span class='ocrx_word' id='word_1_95' title='bbox 524 2068 613 2144; x_wconf 89' lang='lat' dir='ltr'><strong>sunt,</strong></span> <span class='ocrx_word' id='word_1_96' title='bbox 637 2060 690 2127; x_wconf 87' lang='lat' dir='ltr'><strong>sed</strong></span> <span class='ocrx_word' id='word_1_97' title='bbox 712 2068 853 2128; x_wconf 90' lang='lat' dir='ltr'><strong>metuunt</strong></span> <span class='ocrx_word' id='word_1_98' title='bbox 874 2083 912 2126; x_wconf 93' lang='lat' dir='ltr'><strong>ne</strong></span> <span class='ocrx_word' id='word_1_99' title='bbox 935 2059 1033 2126; x_wconf 88' lang='lat' dir='ltr'><strong>media</strong></span> <span class='ocrx_word' id='word_1_100' title='bbox 1055 2065 1144 2126; x_wconf 90' lang='lat' dir='ltr'><strong>nocte</strong></span> <span class='ocrx_word' id='word_1_101' title='bbox 1165 2059 1318 2126; x_wconf 88' lang='lat' dir='ltr'><strong>tumultus</strong></span> 
     </span>
     <span class='ocr_line' id='line_1_15' title="bbox 196 2177 1319 2269; baseline -0.001 -26"><span class='ocrx_word' id='word_1_102' title='bbox 196 2184 227 2244; x_wconf 89' lang='lat' dir='ltr'><strong>et</strong></span> <span class='ocrx_word' id='word_1_103' title='bbox 250 2177 461 2246; x_wconf 90' lang='lat' dir='ltr'><strong>Ptolemaeum</strong></span> <span class='ocrx_word' id='word_1_104' title='bbox 479 2203 579 2268; x_wconf 83' lang='lat' dir='ltr'><strong>regem</strong></span> <span class='ocrx_word' id='word_1_105' title='bbox 598 2182 698 2248; x_wconf 86' lang='lat' dir='ltr'><strong>trahat</strong></span> <span class='ocrx_word' id='word_1_106' title='bbox 706 2208 717 2264; x_wconf 80' lang='lat'>3</span> <span class='ocrx_word' id='word_1_107' title='bbox 733 2182 830 2248; x_wconf 86' lang='lat' dir='ltr'><strong>visum</strong></span> <span class='ocrx_word' id='word_1_108' title='bbox 850 2181 947 2269; x_wconf 89' lang='lat' dir='ltr'><strong>igitur</strong></span> <span class='ocrx_word' id='word_1_109' title='bbox 965 2180 1061 2248; x_wconf 89' lang='lat' dir='ltr'><strong>scelus</strong></span> <span class='ocrx_word' id='word_1_110' title='bbox 1080 2179 1197 2246; x_wconf 84' lang='lat' dir='ltr'><strong>differre</strong></span> <span class='ocrx_word' id='word_1_111' title='bbox 1213 2185 1244 2245; x_wconf 90' lang='lat' dir='ltr'><strong>et</strong></span> <span class='ocrx_word' id='word_1_112' title='bbox 1260 2199 1319 2244; x_wconf 90' lang='lat' dir='ltr'><strong>una</strong></span> 
     </span>
     <span class='ocr_line' id='line_1_16' title="bbox 196 2299 729 2369; baseline 0.006 -3"><span class='ocrx_word' id='word_1_113' title='bbox 196 2299 258 2366; x_wconf 90' lang='lat' dir='ltr'><strong>iam</strong></span> <span class='ocrx_word' id='word_1_114' title='bbox 285 2321 347 2366; x_wconf 87' lang='lat' dir='ltr'><strong>nox</strong></span> <span class='ocrx_word' id='word_1_115' title='bbox 371 2300 486 2366; x_wconf 87' lang='lat' dir='ltr'><strong>auctori</strong></span> <span class='ocrx_word' id='word_1_116' title='bbox 509 2301 608 2367; x_wconf 88' lang='lat' dir='ltr'><strong>caedis</strong></span> <span class='ocrx_word' id='word_1_117' title='bbox 632 2301 729 2369; x_wconf 86' lang='lat' dir='ltr'><strong>datur.</strong></span> 
     </span>
    </p>

    <p class='ocr_par' dir='ltr' id='par_1_8' title="bbox 197 2418 1320 3713">
     <span class='ocr_line' id='line_1_17' title="bbox 253 2418 1320 2510; baseline -0.005 -24"><span class='ocrx_word' id='word_1_118' title='bbox 253 2419 360 2486; x_wconf 75' lang='lat' dir='ltr'><strong>Mosae</strong></span> <span class='ocrx_word' id='word_1_119' title='bbox 387 2426 487 2488; x_wconf 88' lang='lat' dir='ltr'><strong>autem</strong></span> <span class='ocrx_word' id='word_1_120' title='bbox 516 2421 629 2486; x_wconf 81' lang='lat' dir='ltr'><strong>milites</strong></span> <span class='ocrx_word' id='word_1_121' title='bbox 654 2421 748 2510; x_wconf 85' lang='lat' dir='ltr'><strong>piget.</strong></span> <span class='ocrx_word' id='word_1_122' title='bbox 793 2421 896 2487; x_wconf 84' lang='lat' dir='ltr'><strong>Prima</strong></span> <span class='ocrx_word' id='word_1_123' title='bbox 923 2419 991 2487; x_wconf 90' lang='lat' dir='ltr'><strong>luce</strong></span> <span class='ocrx_word' id='word_1_124' title='bbox 1016 2419 1050 2487; x_wconf 87' lang='lat' dir='ltr'><strong>in</strong></span> <span class='ocrx_word' id='word_1_125' title='bbox 1071 2418 1176 2486; x_wconf 89' lang='lat' dir='ltr'><strong>urbem</strong></span> <span class='ocrx_word' id='word_1_126' title='bbox 1199 2421 1320 2483; x_wconf 88' lang='lat' dir='ltr'><strong>conten·</strong></span> 
     </span>
     <span class='ocr_line' id='line_1_18' title="bbox 197 2536 1320 2630; baseline -0.006 -23"><span class='ocrx_word' id='word_1_127' title='bbox 197 2541 286 2607; x_wconf 91' lang='lat' dir='ltr'><strong>dunt.</strong></span> <span class='ocrx_word' id='word_1_128' title='bbox 332 2539 439 2607; x_wconf 86' lang='lat' dir='ltr'><strong>Caesar</strong></span> <span class='ocrx_word' id='word_1_129' title='bbox 461 2541 535 2630; x_wconf 86' lang='lat' dir='ltr'><strong>ipsis</strong></span> <span class='ocrx_word' id='word_1_130' title='bbox 557 2540 712 2608; x_wconf 89' lang='lat' dir='ltr'><strong>moenibus</strong></span> <span class='ocrx_word' id='word_1_131' title='bbox 734 2539 816 2606; x_wconf 88' lang='lat' dir='ltr'><strong>urbis</strong></span> <span class='ocrx_word' id='word_1_132' title='bbox 839 2541 954 2607; x_wconf 81' lang='lat' dir='ltr'><strong>diffisus</strong></span> <span class='ocrx_word' id='word_1_133' title='bbox 977 2563 1008 2606; x_wconf 91' lang='lat' dir='ltr'><strong>se</strong></span> <span class='ocrx_word' id='word_1_134' title='bbox 1031 2541 1063 2606; x_wconf 94' lang='lat' dir='ltr'><strong>in</strong></span> <span class='ocrx_word' id='word_1_135' title='bbox 1074 2539 1211 2605; x_wconf 88' lang='lat' dir='ltr'><strong>intimam</strong></span> <span class='ocrx_word' id='word_1_136' title='bbox 1223 2536 1320 2602; x_wconf 90' lang='lat' dir='ltr'><strong>aulam</strong></span> 
     </span>
     <span class='ocr_line' id='line_1_19' title="bbox 197 2653 1318 2758; baseline -0.004 -34"><span class='ocrx_word' id='word_1_137' title='bbox 197 2658 318 2746; x_wconf 81' lang='lat' dir='ltr'><strong>recipit.</strong></span> <span class='ocrx_word' id='word_1_138' title='bbox 364 2657 464 2740; x_wconf 77' lang='lat' dir='ltr'><strong>Quem</strong></span> <span class='ocrx_word' id='word_1_139' title='bbox 498 2681 560 2758; x_wconf 82' lang='lat' dir='ltr'><strong>nqn</strong></span> <span class='ocrx_word' id='word_1_140' title='bbox 594 2659 677 2725; x_wconf 85' lang='lat' dir='ltr'><strong>Galli</strong></span> <span class='ocrx_word' id='word_1_141' title='bbox 714 2657 849 2726; x_wconf 89' lang='lat' dir='ltr'><strong>bellicosi</strong></span> <span class='ocrx_word' id='word_1_142' title='bbox 882 2663 1065 2739; x_wconf 88' lang='lat' dir='ltr'><strong>terruerant,</strong></span> <span class='ocrx_word' id='word_1_143' title='bbox 1099 2680 1161 2723; x_wconf 94' lang='lat' dir='ltr'><strong>non</strong></span> <span class='ocrx_word' id='word_1_144' title='bbox 1187 2653 1318 2722; x_wconf 85' lang='lat' dir='ltr'><strong>Romani</strong></span> 
     </span>
     <span class='ocr_line' id='line_1_20' title="bbox 199 2775 1317 2866; baseline -0.004 -23"><span class='ocrx_word' id='word_1_145' title='bbox 199 2777 260 2866; x_wconf 88' lang='lat' dir='ltr'><strong>ipsi</strong></span> <span class='ocrx_word' id='word_1_146' title='bbox 273 2799 343 2843; x_wconf 90' lang='lat' dir='ltr'><strong>cum</strong></span> <span class='ocrx_word' id='word_1_147' title='bbox 355 2778 500 2866; x_wconf 91' lang='lat' dir='ltr'><strong>Pompeio</strong></span> <span class='ocrx_word' id='word_1_148' title='bbox 511 2778 627 2861; x_wconf 87' lang='lat' dir='ltr'><strong>iuncti,</strong></span> <span class='ocrx_word' id='word_1_149' title='bbox 648 2800 731 2844; x_wconf 86' lang='lat' dir='ltr'><strong>nuno</strong></span> <span class='ocrx_word' id='word_1_150' title='bbox 742 2779 860 2844; x_wconf 85' lang='lat' dir='ltr'><strong>servilis</strong></span> <span class='ocrx_word' id='word_1_151' title='bbox 872 2801 977 2846; x_wconf 91' lang='lat' dir='ltr'><strong>manus</strong></span> <span class='ocrx_word' id='word_1_152' title='bbox 988 2783 1072 2844; x_wconf 89' lang='lat' dir='ltr'><strong>metu</strong></span> <span class='ocrx_word' id='word_1_153' title='bbox 1083 2776 1199 2863; x_wconf 87' lang='lat' dir='ltr'><strong>implet.</strong></span> <span class='ocrx_word' id='word_1_154' title='bbox 1235 2775 1317 2857; x_wconf 75' lang='lat' dir='ltr'><strong>Quo·</strong></span> 
     </span>
     <span class='ocr_line' id='line_1_21' title="bbox 201 2892 1316 2987; baseline -0.006 -23"><span class='ocrx_word' id='word_1_155' title='bbox 201 2920 332 2984; x_wconf 90' lang='lat' dir='ltr'><strong>cumque</strong></span> <span class='ocrx_word' id='word_1_156' title='bbox 363 2921 395 2964; x_wconf 88' lang='lat' dir='ltr'><strong>se</strong></span> <span class='ocrx_word' id='word_1_157' title='bbox 420 2899 552 2987; x_wconf 87' lang='lat' dir='ltr'><strong>recepit,</strong></span> <span class='ocrx_word' id='word_1_158' title='bbox 583 2921 685 2986; x_wconf 83' lang='lat' dir='ltr'><strong>regem</strong></span> <span class='ocrx_word' id='word_1_159' title='bbox 718 2898 924 2965; x_wconf 86' lang='lat' dir='ltr'><strong>Ptolemaeum</strong></span> <span class='ocrx_word' id='word_1_160' title='bbox 949 2919 1064 2986; x_wconf 88' lang='lat' dir='ltr'><strong>semper</strong></span> <span class='ocrx_word' id='word_1_161' title='bbox 1085 2917 1186 2962; x_wconf 89' lang='lat' dir='ltr'><strong>secum</strong></span> <span class='ocrx_word' id='word_1_162' title='bbox 1208 2892 1316 2973; x_wconf 89' lang='lat' dir='ltr'><strong>trahit,</strong></span> 
     </span>
     <span class='ocr_line' id='line_1_22' title="bbox 199 3004 1317 3106; baseline -0.004 -22"><span class='ocrx_word' id='word_1_163' title='bbox 199 3019 255 3104; x_wconf 90' lang='lat' dir='ltr'><strong>qui</strong></span> <span class='ocrx_word' id='word_1_164' title='bbox 298 3017 362 3084; x_wconf 90' lang='lat' dir='ltr'><strong>vita</strong></span> <span class='ocrx_word' id='word_1_165' title='bbox 403 3021 465 3104; x_wconf 59' lang='lat' dir='ltr'><strong>suaj</strong></span> <span class='ocrx_word' id='word_1_166' title='bbox 499 3018 613 3084; x_wconf 87' lang='lat' dir='ltr'><strong>tutelae</strong></span> <span class='ocrx_word' id='word_1_167' title='bbox 653 3018 681 3084; x_wconf 91' lang='lat' dir='ltr'><strong>ei</strong></span> <span class='ocrx_word' id='word_1_168' title='bbox 721 3017 778 3100; x_wconf 88' lang='lat' dir='ltr'><strong>sit,</strong></span> <span class='ocrx_word' id='word_1_169' title='bbox 818 3017 845 3082; x_wconf 90' lang='lat' dir='ltr'><strong>si</strong></span> <span class='ocrx_word' id='word_1_170' title='bbox 874 3017 1043 3106; x_wconf 84' lang='lat' dir='ltr'><strong>periculum</strong></span> <span class='ocrx_word' id='word_1_171' title='bbox 1077 3014 1106 3080; x_wconf 91' lang='lat' dir='ltr'><strong>ei</strong></span> <span class='ocrx_word' id='word_1_172' title='bbox 1138 3004 1317 3080; x_wconf 91' lang='lat' dir='ltr'><strong>imminebit.</strong></span> 
     </span>
     <span class='ocr_line' id='line_1_23' title="bbox 199 3131 1319 3226; baseline -0.005 -23"><span class='ocrx_word' id='word_1_173' title='bbox 199 3136 324 3226; x_wconf 83' lang='lat' dir='ltr'><strong>Cogunt</strong></span> <span class='ocrx_word' id='word_1_174' title='bbox 353 3143 455 3203; x_wconf 90' lang='lat' dir='ltr'><strong>tamen</strong></span> <span class='ocrx_word' id='word_1_175' title='bbox 485 3160 532 3203; x_wconf 88' lang='lat' dir='ltr'><strong>res</strong></span> <span class='ocrx_word' id='word_1_176' title='bbox 561 3137 645 3226; x_wconf 90' lang='lat' dir='ltr'><strong>ipsae</strong></span> <span class='ocrx_word' id='word_1_177' title='bbox 673 3159 755 3225; x_wconf 90' lang='lat' dir='ltr'><strong>spem</strong></span> <span class='ocrx_word' id='word_1_178' title='bbox 777 3137 862 3224; x_wconf 87' lang='lat' dir='ltr'><strong>pacis</strong></span> <span class='ocrx_word' id='word_1_179' title='bbox 885 3142 1014 3218; x_wconf 86' lang='lat' dir='ltr'><strong>tentare,</strong></span> <span class='ocrx_word' id='word_1_180' title='bbox 1041 3133 1169 3200; x_wconf 91' lang='lat' dir='ltr'><strong>nuntius</strong></span> <span class='ocrx_word' id='word_1_181' title='bbox 1188 3131 1319 3200; x_wconf 85' lang='lat' dir='ltr'><strong>mittitur</strong></span> 
     </span>
     <span class='ocr_line' id='line_1_24' title="bbox 200 3249 1315 3344; baseline -0.003 -23"><span class='ocrx_word' id='word_1_182' title='bbox 200 3256 256 3342; x_wconf 90' lang='lat' dir='ltr'><strong>qui</strong></span> <span class='ocrx_word' id='word_1_183' title='bbox 286 3261 389 3344; x_wconf 86' lang='lat' dir='ltr'><strong>roget,</strong></span> <span class='ocrx_word' id='word_1_184' title='bbox 417 3278 477 3342; x_wconf 89' lang='lat' dir='ltr'><strong>quo</strong></span> <span class='ocrx_word' id='word_1_185' title='bbox 495 3261 618 3322; x_wconf 86' lang='lat' dir='ltr'><strong>auctore</strong></span> <span class='ocrx_word' id='word_1_186' title='bbox 639 3255 753 3322; x_wconf 89' lang='lat' dir='ltr'><strong>bellum</strong></span> <span class='ocrx_word' id='word_1_187' title='bbox 775 3260 931 3339; x_wconf 81' lang='lat' dir='ltr'><strong>moveant,</strong></span> <span class='ocrx_word' id='word_1_188' title='bbox 956 3253 1100 3342; x_wconf 85' lang='lat' dir='ltr'><strong>quidnam</strong></span> <span class='ocrx_word' id='word_1_189' title='bbox 1128 3249 1186 3318; x_wconf 90' lang='lat' dir='ltr'><strong>sibi</strong></span> <span class='ocrx_word' id='word_1_190' title='bbox 1210 3251 1315 3319; x_wconf 85' lang='lat' dir='ltr'><strong>velint.</strong></span> 
     </span>
     <span class='ocr_line' id='line_1_25' title="bbox 199 3361 1317 3466; baseline -0.004 -24"><span class='ocrx_word' id='word_1_191' title='bbox 199 3373 367 3466; x_wconf 85' lang='lat' dir='ltr'><strong>Participes</strong></span> <span class='ocrx_word' id='word_1_192' title='bbox 389 3398 460 3442; x_wconf 84' lang='lat' dir='ltr'><strong>vero</strong></span> <span class='ocrx_word' id='word_1_193' title='bbox 483 3361 639 3443; x_wconf 87' lang='lat' dir='ltr'><strong>seditionis</strong></span> <span class='ocrx_word' id='word_1_194' title='bbox 662 3381 808 3465; x_wconf 86' lang='lat' dir='ltr'><strong>pergunt,</strong></span> <span class='ocrx_word' id='word_1_195' title='bbox 827 3395 925 3442; x_wconf 87' lang='lat' dir='ltr'><strong>arcem</strong></span> <span class='ocrx_word' id='word_1_196' title='bbox 937 3373 1033 3464; x_wconf 90' lang='lat' dir='ltr'><strong>ipsam</strong></span> <span class='ocrx_word' id='word_1_197' title='bbox 1046 3377 1223 3462; x_wconf 83' lang='lat' dir='ltr'><strong>oppugnant</strong></span> <span class='ocrx_word' id='word_1_198' title='bbox 1233 3370 1317 3438; x_wconf 84' lang='lat' dir='ltr'><strong>navi·</strong></span> 
     </span>
     <span class='ocr_line' id='line_1_26' title="bbox 199 3491 1317 3581; baseline -0.002 -21"><span class='ocrx_word' id='word_1_199' title='bbox 199 3493 247 3560; x_wconf 88' lang='lat' dir='ltr'><strong>bis</strong></span> <span class='ocrx_word' id='word_1_200' title='bbox 281 3493 443 3576; x_wconf 85' lang='lat' dir='ltr'><strong>adhibitis,</strong></span> <span class='ocrx_word' id='word_1_201' title='bbox 479 3495 539 3562; x_wconf 88' lang='lat' dir='ltr'><strong>tela</strong></span> <span class='ocrx_word' id='word_1_202' title='bbox 572 3495 632 3562; x_wconf 91' lang='lat' dir='ltr'><strong>iam</strong></span> <span class='ocrx_word' id='word_1_203' title='bbox 665 3495 699 3562; x_wconf 92' lang='lat' dir='ltr'><strong>in</strong></span> <span class='ocrx_word' id='word_1_204' title='bbox 732 3495 857 3562; x_wconf 89' lang='lat' dir='ltr'><strong>domum</strong></span> <span class='ocrx_word' id='word_1_205' title='bbox 879 3493 1006 3576; x_wconf 70' lang='lat' dir='ltr'><strong>cedrum,</strong></span> <span class='ocrx_word' id='word_1_206' title='bbox 1029 3511 1156 3581; x_wconf 88' lang='lat' dir='ltr'><strong>quorum</strong></span> <span class='ocrx_word' id='word_1_207' title='bbox 1181 3491 1213 3558; x_wconf 84' lang='lat' dir='ltr'><strong>vi</strong></span> <span class='ocrx_word' id='word_1_208' title='bbox 1234 3491 1317 3580; x_wconf 81' lang='lat' dir='ltr'><strong>regia</strong></span> 
     </span>
     <span class='ocr_line' id='line_1_27' title="bbox 200 3619 369 3713; baseline 0.018 -34"><span class='ocrx_word' id='word_1_209' title='bbox 200 3619 369 3713; x_wconf 76' lang='lat' dir='ltr'><strong>quassatur.</strong></span> 
     </span>
    </p>

    <p class='ocr_par' dir='ltr' id='par_1_9' title="bbox 201 3725 1316 3942">
     <span class='ocr_line' id='line_1_28' title="bbox 244 3725 1316 3822; baseline 0.002 -24"><span class='ocrx_word' id='word_1_210' title='bbox 244 3733 360 3799; x_wconf 90' lang='lat' dir='ltr'><strong>Mirum</strong></span> <span class='ocrx_word' id='word_1_211' title='bbox 388 3733 420 3798; x_wconf 91' lang='lat' dir='ltr'><strong>in</strong></span> <span class='ocrx_word' id='word_1_212' title='bbox 451 3733 575 3800; x_wconf 94' lang='lat' dir='ltr'><strong>modum</strong></span> <span class='ocrx_word' id='word_1_213' title='bbox 608 3733 659 3799; x_wconf 92' lang='lat' dir='ltr'><strong>hio</strong></span> <span class='ocrx_word' id='word_1_214' title='bbox 692 3733 773 3822; x_wconf 86' lang='lat' dir='ltr'><strong>apud</strong></span> <span class='ocrx_word' id='word_1_215' title='bbox 795 3732 954 3800; x_wconf 87' lang='lat' dir='ltr'><strong>Lucanum</strong></span> <span class='ocrx_word' id='word_1_216' title='bbox 977 3731 1104 3799; x_wconf 86' lang='lat' dir='ltr'><strong>verbum</strong></span> <span class='ocrx_word' id='word_1_217' title='bbox 1126 3725 1316 3813; x_wconf 83' lang='lat' dir='ltr'><strong>invenimus,</strong></span> 
     </span>
     <span class='ocr_line' id='line_1_29' title="bbox 201 3850 1316 3942; baseline -0.002 -24"><span class='ocrx_word' id='word_1_218' title='bbox 201 3852 284 3940; x_wconf 95' lang='lat' dir='ltr'><strong>quod</strong></span> <span class='ocrx_word' id='word_1_219' title='bbox 312 3876 330 3919; x_wconf 93' lang='lat' dir='ltr'><strong>a</strong></span> <span class='ocrx_word' id='word_1_220' title='bbox 358 3875 413 3918; x_wconf 89' lang='lat' dir='ltr'><strong>sua</strong></span> <span class='ocrx_word' id='word_1_221' title='bbox 439 3853 489 3920; x_wconf 88' lang='lat' dir='ltr'><strong>via</strong></span> <span class='ocrx_word' id='word_1_222' title='bbox 518 3853 666 3921; x_wconf 89' lang='lat' dir='ltr'><strong>deerrasse</strong></span> <span class='ocrx_word' id='word_1_223' title='bbox 687 3853 1036 3942; x_wconf 22' lang='lat' dir='ltr'><strong>paeneucrediderimua</strong></span> <span class='ocrx_word' id='word_1_224' title='bbox 1067 3875 1160 3940; x_wconf 86' lang='lat' dir='ltr'><strong>quum</strong></span> <span class='ocrx_word' id='word_1_225' title='bbox 1182 3850 1316 3919; x_wconf 74' lang='lat' dir='ltr'><strong>Caesaris</strong></span> 
     </span>
    </p>
   </div>
   <div class='ocr_carea' id='block_1_4' title="bbox 200 4079 469 4096">
    <p class='ocr_par' dir='ltr' id='par_1_10' title="bbox 200 4079 469 4096">
     <span class='ocr_line' id='line_1_30' title="bbox 200 4079 469 4096; baseline 0 -4"><span class='ocrx_word' id='word_1_226' title='bbox 200 4079 469 4096; x_wconf 57' lang='lat' dir='ltr'>Q</span> 
     </span>
    </p>
   </div>
   <div class='ocr_carea' id='block_1_5' title="bbox 234 4233 885 4312">
    <p class='ocr_par' dir='ltr' id='par_1_11' title="bbox 234 4233 885 4312">
     <span class='ocr_line' id='line_1_31' title="bbox 234 4233 885 4312; baseline 0.005 -19"><span class='ocrx_word' id='word_1_227' title='bbox 234 4238 254 4309; x_wconf 89' lang='lat'><strong>¹)</strong></span> <span class='ocrx_word' id='word_1_228' title='bbox 273 4237 316 4293; x_wconf 84' lang='lat' dir='ltr'><strong>An</strong></span> <span class='ocrx_word' id='word_1_229' title='bbox 333 4233 401 4294; x_wconf 85' lang='lat' dir='ltr'><strong>forte</strong></span> <span class='ocrx_word' id='word_1_230' title='bbox 419 4253 479 4294; x_wconf 89' lang='lat' dir='ltr'><strong>oum</strong></span> <span class='ocrx_word' id='word_1_231' title='bbox 498 4234 593 4294; x_wconf 86' lang='lat' dir='ltr'><strong>Weber</strong></span> <span class='ocrx_word' id='word_1_232' title='bbox 610 4257 711 4310; x_wconf 81' lang='lat' dir='ltr'><strong>superos</strong></span> <span class='ocrx_word' id='word_1_233' title='bbox 727 4235 885 4312; x_wconf 85' lang='lat' dir='ltr'><strong>legendum?</strong></span> 
     </span>
    </p>
   </div>
   <div class='ocr_carea' id='block_1_6' title="bbox 0 0 1663 5138">
    <p class='ocr_par' dir='ltr' id='par_1_12' title="bbox 0 0 1663 5138">
     <span class='ocr_line' id='line_1_32' title="bbox 0 0 1663 5138; baseline 0 0"><span class='ocrx_word' id='word_1_234' title='bbox 0 0 1663 5138; x_wconf 95' lang='lat' dir='ltr'><strong> </strong></span> 
     </span>
    </p>
   </div>
  </div>
 </body>
</html>
