3296 5132
719 416 762 476 49

183 622 337 688 hauriebat
345 648 354 700 3
388 621 440 685 ubi
464 621 581 686 nullam
605 619 714 684 molem
746 618 802 684 sibi
826 626 985 706 suppetere
1009 641 1063 708 pro
1086 621 1176 687 maris
1197 622 1301 688 altitu·

181 743 249 808 dine
273 741 412 823 videbat,
435 747 514 806 rates
537 740 674 805 trabibus
698 740 868 804 coniunctis
891 741 1042 806 faciendas
1065 743 1204 823 curabat,
1231 743 1300 828 qui·

180 861 237 926 bus
263 861 442 948 Pompeius,
476 860 674 926 Brundisium
702 859 870 945 relinquere
890 860 1107 946 prohiberetur.
1151 862 1299 927 Noctium

180 991 279 1047 tamen
323 981 455 1046 tenebris
502 979 678 1045 iuvantibus
721 979 884 1066 Pompeius
926 980 1065 1046 custodes
1097 980 1193 1046 fallit:
1228 979 1301 1044 Cae·

180 1101 288 1166 seriani
317 1100 473 1166 moenibus
503 1099 632 1186 recepti,
653 1099 830 1186 Pompeium
850 1099 945 1164 altum
969 1106 1121 1186 petentem
1145 1100 1299 1166 viderunt.

180 1221 298 1284 Interea
321 1219 418 1307 primo
441 1224 545 1305 portus
569 1217 652 1282 civili
676 1218 822 1305 sanguine
844 1217 963 1299 rubuit,
994 1241 1087 1305 quum
1110 1219 1188 1285 duae
1209 1241 1300 1284 naves

179 1339 311 1404 molibus
339 1337 474 1404 Caesaris
500 1337 656 1402 haererent
669 1351 672 1356 '
686 1343 717 1402 et
739 1336 852 1402 bellum
872 1338 904 1402 in
924 1337 1011 1404 littus
1027 1339 1204 1418 traheretur,
1228 1337 1299 1403 durn

179 1465 278 1523 cetera
300 1457 401 1522 classis
425 1457 542 1542 effugit.

222 1577 284 1642 Ubi
319 1577 421 1642 illuxit
448 1577 611 1664 Pompeius
645 1577 704 1642 iam
733 1577 766 1641 in
789 1577 852 1642 alto
875 1583 955 1658 erat,
990 1579 1040 1644 sed
1065 1583 1212 1663 quantum
1237 1599 1301 1642 rnu-

180 1704 262 1764 tatus
292 1697 330 1762 ab
360 1675 431 1778 illo,
467 1696 521 1780 qn'i
541 1696 645 1781 piratis
664 1695 796 1761 subactis
820 1696 852 1760 in
875 1695 1003 1782 patriam
1026 1719 1101 1762 nave
1124 1696 1300 1762 veheretur!

178 1815 271 1882 Nunc
309 1817 446 1881 Fortuna
472 1815 580 1880 lassata
606 1815 768 1902 triumphis
803 1816 904 1902 magni
938 1816 1014 1896 viri,
1049 1839 1117 1882 eum
1152 1814 1302 1880 destituit.

179 1934 257 2000 Cum
292 1958 386 2000 uxore
419 1935 567 2020 filiisque,
603 1934 704 2018 inquit
732 1940 836 2020 potita,
861 1935 946 1999 exsul
969 1958 986 1999 a
1009 1935 1105 2021 patria
1128 1933 1300 2022 depellaris,

180 2077 241 2119 non
276 2055 347 2138 quia
380 2053 437 2118 tibi
472 2053 572 2140 superi
606 2052 764 2139 sepulchro
795 2052 827 2116 in
857 2052 953 2139 patria
982 2055 1100 2140 privare
1129 2053 1301 2120 maluerunt

181 2179 212 2237 et
236 2173 427 2258 Aegyptum,
458 2170 511 2236 ubi
540 2171 619 2236 diem
643 2193 813 2257 supremum
835 2170 948 2250 obires,
980 2171 1145 2258 elegerunt.
1190 2172 1302 2238 Melius

183 2289 273 2355 etiam
296 2291 411 2366 iatum,
434 2289 574 2356 Lucanus
597 2290 763 2370 exclamat,
791 2289 847 2359 tibi
871 2291 1114 2382 distinaveruntr
1340 2277 1346 2310 l

272 2410 410 2474 Parcitur
432 2409 616 2496 Hispaniae;
640 2408 743 2496 procul
765 2409 837 2489 hoc,
862 2417 893 2474 et
914 2408 947 2474 in
970 2409 1041 2475 orbe
1062 2418 1178 2476 remoto
1253 2483 1256 2489 ,

273 2528 440 2593 Abscondit
465 2527 599 2594 Fortuna
621 2529 719 2608 nelos,
743 2527 939 2614 Romanaque
961 2529 1052 2594 tellus

271 2647 469 2713 Immaculata
491 2648 539 2712 sui
562 2655 698 2712 servatur
721 2649 868 2734 sanguine
890 2647 1007 2734 Magni.

228 2765 266 2830 In
289 2767 349 2830 fine
372 2764 439 2830 libri
463 2764 737 2852 perturbationem,
770 2767 895 2830 Caesare
918 2765 1179 2852 appropinquante
1189 2765 1303 2832 Romae

187 2891 299 2966 ortam,
321 2884 381 2950 iam
401 2884 532 2949 vidimus
545 2885 750 2950 confirmatam
762 2883 899 2949 Caesaris
911 2884 1025 2971 ipsine,
1045 2885 1218 2967 Ciceronis,
1241 2887 1303 2973 Ap·

185 3003 267 3089 piani
289 3003 482 3069 testimoniis.
528 3003 673 3086 Qnerelas
695 3004 791 3089 igitur
813 3011 874 3068 tam
901 3007 1005 3070 senum
1024 3026 1114 3090 quam
1127 3005 1304 3085 mulierum,

186 3123 316 3188 secundo
339 3122 415 3188 libro
439 3123 578 3204 ineunte,
603 3123 780 3192 immodicas
793 3123 896 3188 haberi
908 3145 968 3188 uon
980 3145 1057 3210 opus
1068 3129 1127 3204 est,
1151 3124 1305 3208 nequent·

186 3244 280 3308 mium
299 3242 399 3308 verbis
422 3250 536 3310 auctas.
570 3224 735 3309 Sceleraet
754 3244 830 3308 mala
849 3253 1015 3329 temporum
1036 3243 1137 3308 Sullae
1152 3241 1305 3328 Mariique

187 3367 329 3433 nonnulli
350 3363 525 3450 superstites
545 3362 686 3428 memoria
703 3362 861 3442 tenebant,
881 3385 980 3447 neque
999 3363 1063 3427 fieri
1075 3367 1192 3448 poterat
1198 3413 1207 3444 ,
1231 3363 1304 3448 quin

188 3508 334 3551 memores
351 3485 396 3549 illi
414 3506 486 3570 ques
498 3506 543 3548 res
555 3489 628 3548 tunc
638 3483 771 3569 perpessi
782 3489 898 3564 essent,
914 3483 993 3548 bella
1005 3483 1109 3547 civilia
1120 3504 1305 3548 exsecraren-

189 3613 248 3672 tur.
272 3605 367 3670 Poeta
378 3601 523 3667 facultate
535 3600 634 3666 oblata
647 3600 752 3681 utitur,
773 3623 833 3684 qua
845 3600 935 3665 Marii
949 3600 1104 3666 historiam
1116 3601 1305 3667 recordetur:

190 3725 225 3790 ad
246 3745 336 3808 quem
356 3719 598 3786 interficiendum
616 3719 726 3784 missus
744 3743 813 3785 cum
834 3719 935 3806 gladio
947 3719 1215 3806 servuspublicus,
1230 3719 1264 3806 (i.
1277 3743 1303 3786 e.

191 3844 243 3929 qui
267 3863 391 3908 munere
413 3839 527 3905 lictoris
551 3839 596 3904 vel
620 3839 744 3904 viatoris
766 3839 914 3926 fungitur)
937 3838 1059 3904 natione
1077 3836 1245 3906 Germanus
1261 3842 1305 3926 ¹),

224 4119 243 4191 ¹)
261 4115 337 4174 Plut.
365 4116 433 4174 Mar.
459 4117 493 4174 39
516 4116 651 4180 Γαλάτης
673 4113 705 4170 ‘ri
727 4112 821 4186 γένος,
852 4109 866 4176 t
892 4091 1021 4184 Κίμβρός,
1065 4107 1244 4185 ἈμΦοτέρως
1264 4114 1317 4184 γὰρ

186 4213 351 4287 ἱστορεῖται.
391 4217 468 4275 Conf.
486 4216 579 4284 Peter,
598 4215 650 4272 Die
670 4214 783 4287 Qnellen
804 4213 1202 4288 Plutarchs,pg.103:Nach
1223 4211 1319 4270 Livius

1182 4329 1203 4386 4
