3296 5132
752 428 793 491 59

256 637 345 702 Hanc
361 677 366 688 ·
384 635 481 722 igitur
513 639 629 720 partem
662 632 747 719 plane
778 654 848 698 cum
878 632 1015 697 Caesaris
1038 631 1236 718 descriptione
1258 653 1329 696 con·

210 763 386 844 gruentem,
416 779 434 819 a
456 755 580 820 Lucano
602 775 639 818 ex
662 751 748 817 illius
771 767 860 839 opere
882 752 1014 839 petitum
1037 775 1101 817 esso
1123 752 1328 838 suspicamur;

211 900 308 963 eoque
337 875 458 941 facilius
487 881 523 938 nt
552 873 708 940 credamus
738 873 932 952 adducimur,
964 871 1047 957 quod
1074 869 1331 958 exsequentibus

211 996 383 1084 apparebit,
404 997 564 1062 Lucanum
584 994 704 1082 saepius
724 1016 785 1058 non
804 994 868 1058 solo
888 994 978 1059 Livio
998 998 1121 1058 auctore
1141 1015 1230 1057 usum
1250 1013 1332 1072 ease,

211 1117 264 1181 scd
285 1117 315 1182 ei
336 1115 493 1182 Caesarem
516 1116 549 1180 in
572 1115 641 1181 aliis
664 1136 788 1201 quoque
810 1112 901 1179 rebus
924 1113 1057 1195 fontem,
1081 1135 1171 1199 equo
1183 1111 1335 1189 hauriret,

212 1236 317 1302 fuisse.

650 1925 752 1996 Liber
778 1926 906 1996 tertiae.

258 2177 372 2241 Austro
397 2171 553 2259 propulsa,
579 2172 682 2237 classis
705 2170 886 2258 Pompeium
909 2171 1061 2237 abducens
1084 2171 1172 2236 celeri
1195 2173 1336 2238 cursuab

214 2295 304 2360 ltalia
325 2292 519 2358 evehebatur.
549 2291 636 2356 Num
660 2291 788 2370 mirum,
810 2291 962 2370 exsulem,
986 2312 1084 2375 quum
1102 2289 1206 2356 littora
1223 2291 1337 2378 patriae

214 2413 385 2491 carissima,
408 2434 576 2498 numquam
599 2411 638 2476 ad
662 2410 747 2476 visus
769 2433 841 2474 suos
860 2411 1009 2492 reditura,
1034 2409 1192 2497 paullatim
1204 2411 1339 2478 recodere

215 2533 347 2612 videret,
383 2532 500 2597 tristem
535 2537 627 2616 atque
661 2531 795 2595 afliotum
826 2552 927 2596 secum
948 2531 1108 2618 praeterita
1131 2531 1338 2618 reputavisse?

215 2653 314 2717 Poeta
346 2650 444 2716 Iuliae
480 2649 642 2736 imaginem
669 2649 813 2736 Pompeio
837 2650 997 2716 dormienti
1020 2657 1227 2718 occurrentem
1250 2653 1338 2732 iacit,

215 2794 298 2858 quae
332 2770 533 2848 vaticinetur,
569 2791 659 2854 quem
695 2769 784 2834 finem
817 2791 863 2833 res
894 2769 981 2834 malis
1010 2771 1155 2858 auspiciis
1184 2772 1340 2838 inchoatae

218 2892 378 2958 habiturae
412 2889 483 2956 sint.
529 2889 614 2953 Uxor
646 2895 836 2975 praematura
870 2896 966 2954 morte
1000 2896 1085 2976 rapta
1120 2890 1236 2955 infelici
1269 2891 1341 2956 duci

217 3011 399 3098 exprobrare
434 3009 499 3074 visa
522 3016 567 3074 est
590 3009 715 3094 nuptias
737 3009 817 3088 eiua,
852 3031 941 3088 ,snam
964 3032 1013 3074 me
1038 3009 1185 3095 coniuge,
1221 3009 1339 3095 inquit,

218 3133 314 3196 laetos
349 3129 518 3215 triumphos
552 3128 691 3194 ducebas.
736 3129 871 3194 Fortuna
898 3135 1015 3194 mutata
1038 3137 1083 3194 est
1106 3127 1212 3196 toris'’.
1257 3129 1340 3194 Irata

220 3249 339 3336 nuptiis
366 3271 436 3313 cum
458 3247 564 3334 pellice
587 3247 725 3312 Cornelia
740 3249 781 3333 ¹),
806 3248 857 3312 cui
882 3248 970 3313 fatale
993 3254 1056 3327 est,
1080 3271 1196 3336 semper
1218 3249 1341 3314 maritos

222 3371 254 3434 in
286 3367 400 3433 cladem
432 3367 602 3445 detrahere,
639 3367 768 3448 „caesar
809 3406 852 3419 -
886 3368 1034 3433 exclamat
1067 3406 1111 3420 —
1144 3375 1245 3434 teneat
1278 3369 1342 3436 dies

222 3498 310 3570 tuor,
334 3493 437 3553 noctes
461 3486 558 3552 lulia:

623 3630 792 3693 numquam
817 3607 890 3687 tibi,
914 3608 1040 3694 Magne,
1064 3631 1117 3694 per
1139 3607 1260 3674 umbras

315 3727 434 3814 Perque
459 3751 539 3792 meos
562 3751 682 3808 manes,
707 3751 852 3815 generum
875 3751 935 3794 non
959 3751 1023 3793 esse
1045 3728 1158 3795 licebit.
1184 3731 1251 3816 (82)

259 4090 278 4151 't
299 4088 414 4144 Uxorem
437 4107 494 4144 enm
513 4089 590 4146 duxit
608 4109 676 4146 anno
698 4089 803 4146 DCClI
824 4091 855 4149 U.
875 4092 904 4150 C.
924 4093 968 4163 (52
993 4091 1056 4148 aC.
1075 4094 1126 4164 n.);
1146 4092 1201 4148 filia
1218 4095 1274 4149 erat
1293 4093 1354 4150 Me·

222 4171 280 4228 telli
308 4173 446 4246 Scipionis.
482 4176 570 4231 Antea
596 4176 651 4232 filio
673 4176 774 4243 Crassi,
798 4177 844 4251 qui
863 4196 923 4235 curn
944 4182 1019 4252 patre
1038 4198 1053 4236 a
1071 4179 1179 4236 Parthis
1198 4181 1352 4237 interfectus

223 4262 277 4326 est,
296 4263 429 4337 nupserat.
457 4258 541 4334 (Plut.
560 4261 653 4335 Pomp.
673 4264 715 4320 55.
734 4265 788 4336 74).
