3308 5138
842 402 905 464 loa

309 606 368 672 viri
402 609 537 674 resistere
571 612 709 695 possent,
745 606 820 672 elata
851 607 1032 672 conscientia
1060 631 1144 688 'sesae
1167 610 1284 696 aliquid
1306 610 1430 697 nupisse

308 726 385 812 regi,
410 727 489 814 regis
511 723 805 812 esscsororem''1),
840 725 996 792 Caesarem
1026 726 1102 791 adiit
1124 739 1265 816 corrupto
1288 730 1429 811 custode,

308 851 343 910 ut
365 852 484 911 catenas
505 845 618 910 laxaret
648 844 758 930 quibus
778 849 884 932 portus
910 844 1131 912 claudebantur.
1177 847 1272 913 Ducis
1295 848 1431 914 animum

307 964 415 1030 mulier
448 965 544 1030 forma
580 965 691 1030 confisa
715 963 874 1030 delenivit:
900 965 1021 1046 ,tviotor
1048 971 1094 1030 tot
1116 966 1251 1052 gentium
1273 967 1431 1033 blanditiis

309 1083 438 1150 feminac
459 1082 579 1150 victus'’
593 1083 734 1171 precibus
752 1083 871 1170 reginae
883 1089 989 1170 captus
1009 1105 1078 1149 cum
1098 1082 1254 1170 Cleopatra
1276 1086 1432 1152 infandam

309 1209 428 1269 noctem
463 1202 574 1290 eregit.
619 1203 703 1268 Proh
726 1203 839 1290 pudorl
885 1202 992 1289 Magni
1015 1202 1143 1284 oblitus,
1167 1203 1224 1268 tibi
1246 1203 1341 1286 Iulia,
1373 1207 1432 1270 fra·
1532 1231 1534 1240 ¹

311 1332 372 1390 tres
404 1323 442 1389 de
475 1328 568 1388 matre
591 1321 737 1388 obscoena
759 1321 859 1390 dedit!
904 1321 969 1387 Pax
991 1323 1087 1410 igitur
1108 1322 1168 1412 hoc
1190 1323 1308 1390 foedere
1331 1331 1433 1411 empta

310 1443 397 1510 donia
419 1441 594 1530 ingentibus
616 1443 791 1508 confirmata
814 1448 870 1509 est.
913 1441 1021 1528 Epulis
1058 1443 1190 1530 opiparis
1223 1466 1325 1530 pacem
1354 1445 1432 1510 cele·

311 1563 454 1643 brarunt,
483 1561 596 1649 quibus
619 1547 706 1626 luxus
728 1561 863 1626 noudum
886 1561 1013 1625 Romam
1048 1561 1175 1627 tralatus
1205 1562 1374 1628 ostenditur
1396 1565 1433 1648 2).

312 1681 429 1763 Cacsar,
453 1688 490 1747 ut
508 1687 628 1746 noctem
647 1679 808 1765 colloquiis
824 1679 986 1766 producat,
1010 1681 1200 1746 Anchoreum
1223 1682 1315 1748 Isidis
1334 1689 1434 1749 vatem

312 1803 477 1889 interrogat
499 1802 535 1866 de
558 1800 691 1866 moribus
713 1799 820 1886 populi
844 1799 1025 1886 Aegyptiaci
1051 1800 1149 1886 deque
1171 1809 1280 1867 natura
1302 1803 1435 1890 regionis

313 1919 412 1986 doceri
435 1921 575 2008 cupiens:
599 1942 714 2008 semper
732 1920 812 1986 euim
835 1919 914 1984 inter
942 1918 1020 1984 bella
1037 1921 1166 2005 gerenda
1189 1943 1220 1986 se
1243 1921 1279 1986 de
1303 1921 1435 1988 siderum
1527 1980 1531 1987 .

312 2045 398 2105 motu
421 2040 599 2126 cogitavisse
618 2039 711 2121 dicit,
741 2044 831 2124 atque
856 2038 893 2102 de
914 2038 1013 2103 Pastis
1036 2039 1230 2126 corrigendis.
1258 2041 1435 2107 Auohoreus

313 2157 433 2225 Caesari
461 2181 572 2226 morem
590 2180 694 2246 gerens
712 2179 781 2223 eum
801 2157 837 2222 de
856 2155 931 2222 Nilo
953 2163 1111 2244 stagnante
1130 2158 1248 2240 edocet,
1268 2158 1365 2244 deque
1380 2160 1436 2226 flu·

313 2278 404 2344 minis
426 2276 564 2344 fontibus
592 2283 707 2365 narrat,
740 2299 815 2362 quos
844 2276 905 2342 iam
933 2276 1137 2344 Alexandrum
1168 2278 1316 2366 Magnum
1338 2280 1437 2346 inves-

313 2398 408 2485 tigare
442 2397 553 2464 frustra
589 2403 716 2464 conatus
749 2373 837 2463 essct.
893 2396 1055 2484 Cambyses
1090 2419 1214 2484 quoquc
1247 2399 1436 2485 inexplorato

312 2517 388 2583 Nilo
411 2517 508 2582 redire
529 2515 672 2584 debuerat
695 2519 720 2604 ⁸)
745 2517 818 2603 quia
842 2539 986 2604 ,superam
1008 2523 1038 2582 et
1060 2518 1157 2583 oleum
1181 2519 1349 2606 perdidere,
1384 2520 1437 2604 qui

315 2643 408 2725 caput
427 2635 496 2702 Nili
527 2659 667 2722 quaerere
701 2635 897 2718 volucrunt’',
929 2638 1010 2703 uude
1034 2637 1226 2726 proverbium
1250 2645 1348 2705 ortum
1371 2662 1437 2727 per·

317 2758 456 2848 spicuam
478 2762 534 2824 est.

358 2878 482 2944 Talibus
494 2899 617 2942 securus
640 2899 726 2942 auras
748 2873 892 2964 praebens
914 2876 1022 2942 Caesar
1044 2899 1105 2942 non
1129 2877 1233 2959 sentit,
1257 2877 1355 2964 qualis
1378 2879 1438 2944 sibi

316 3020 333 3062 a
355 2996 509 3084 proditore
532 2996 663 3061 Pothino
682 2995 828 3083 pernicies
849 3002 992 3062 struatur.
1024 2995 1055 3059 Is
1068 2995 1148 3060 enim
1161 2997 1273 3082 Magno
1285 3004 1438 3084 perempto

314 3117 374 3181 iam
393 3117 466 3181 satis
484 3115 598 3180 factum
618 3137 760 3180 essenon
783 3115 956 3180 arbitratur.
1002 3113 1061 3179 Sed
1079 3115 1208 3201 patriam
1227 3115 1265 3181 ab
1286 3115 1380 3180 altero
1392 3117 1438 3180 in·

316 3236 458 3302 sidiatore
491 3235 616 3300 liberare
649 3233 795 3320 cogitanti
823 3232 866 3297 dii
896 3232 1070 3298 facultatem
1099 3231 1217 3297 sceleris
1247 3234 1440 3320 perpetrandi

218 3393 219 3396 =
316 3376 379 3422 nou
410 3359 635 3420 concesseruut:
666 3351 762 3417 Bruto
788 3349 922 3417 Caesaris
949 3357 1039 3437 caput
1069 3351 1180 3444 servari
1211 3352 1243 3416 in
1272 3353 1343 3417 fatis
1366 3361 1439 3419 erat.

288 3521 289 3524 =
318 3477 368 3544 Ad
398 3473 550 3542 Achillam
580 3471 696 3538 socium
730 3471 933 3558 Pompeianae
961 3469 1061 3536 caedis
1084 3494 1102 3535 a
1125 3469 1218 3535 servis
1245 3470 1316 3536 ferri
1338 3471 1423 3536 iubet
1429 3500 1440 3552 ;

318 3595 461 3663 convenit
490 3594 568 3660 iuter
598 3616 650 3660 eos
677 3591 796 3678 aliquid
825 3589 996 3658 laciendum
1028 3612 1107 3671 csse,
1144 3589 1180 3654 dc
1204 3589 1302 3655 salute
1325 3590 1440 3676 patriae

312 3798 546 3812 *nn—nn—

343 3945 365 4017 ι)
384 3940 464 4000 Ouid.
479 3941 553 3999 Paat.
570 3938 621 3997 VI.
634 3939 668 4000 27
686 3937 718 3994 de
736 3937 851 3994 Iunone:
873 3935 938 4002 ,nst
956 3932 1057 4008 aliquid
1067 3933 1188 4009 nupsisse
1198 3933 1276 4004 Iovi,
1293 3933 1368 3994 Iovis
1386 3953 1445 3999 esse

315 4031 457 4088 sororem”.

347 4116 369 4188 ²)
388 4115 465 4172 Conl.
485 4113 583 4171 Athen.
602 4111 652 4170 VI.
673 4130 718 4186 pg.
739 4113 800 4170 229.
818 4111 848 4168 C.

350 4202 371 4275 ⁵.)
391 4200 432 4260 cf.
452 4199 551 4258 Herod.
569 4199 617 4256 Ill
635 4199 679 4258 17.
698 4200 734 4254 et.
754 4199 796 4255 23.
