3308 5138
721 431 780 493 1:51

188 635 228 698 rt
254 634 285 699 δὲ
309 637 465 716 malaura
477 635 614 708 Ποθεινὸς
628 637 785 716 εὐνοῦχος·
802 632 829 700 οἳ
840 635 957 714 donata
969 614 1161 717 τροῦτίθεντο
1174 636 1242 720 περὶ
1255 641 1309 704 τοῦ

186 754 360 830 Πομπηίον.
386 753 438 818 κον)
465 756 567 835 πορὼν
591 754 604 817 d
626 754 745 833 Σοίμνος
775 753 919 828 Θεόδοτος
951 755 964 818 ὁ
995 757 1088 837 ῥήτωρ
1123 754 1310 832 διδάσκαλος

186 872 294 938 dar-rod
312 874 433 948 τοονδὸς,
455 872 619 952 ἀθέμιστον
639 875 782 953 ἕοννεῖτο
798 873 901 956 ἔργον,
922 876 1093 957 ἕνεδρεῡτονν
1114 874 1166 940 aul
1188 885 1306 942 κτεῖνον

184 993 345 1070 Πομπήιον
368 994 407 1066 ὡς
430 993 650 1074 χαριουμένους
670 993 803 1076 Κονίσονρν
820 996 865 1078 1),
903 1015 993 1080 quam
1028 993 1210 1080 proditionis
1239 1018 1307 1062 cau·

184 1132 248 1176 sam
282 1110 362 1198 apud
396 1111 557 1178 Lucanum
585 1111 735 1194 Pothinus
764 1113 891 1200 profert,
923 1113 1056 1202 diceneo
1075 1113 1160 1194 ,scole
1189 1113 1305 1197 felices,

184 1233 308 1296 miseros
330 1228 434 1318 fuge.''
479 1231 553 1296 Pers
575 1231 679 1296 eadem
702 1231 886 1297 Plutarchus
909 1254 965 1297 nos
988 1232 1087 1300 docet.

226 1349 323 1416 Nulla
339 1349 484 1416 dissensio
503 1351 582 1416 inter
603 1351 678 1416 alios
700 1351 894 1418 historiarum
914 1351 1074 1438 scriptores
1096 1360 1127 1418 et
1149 1353 1307 1420 Lucanum

183 1470 298 1548 oritur,
322 1469 376 1535 ubi
399 1469 498 1536 caedis
517 1477 654 1536 auctores
674 1471 839 1538 nominant.
884 1471 922 1536 In
942 1470 1024 1536 Livii
1046 1471 1193 1537 Periocha
1215 1473 1305 1538 Pom·

180 1589 269 1676 peius
297 1589 383 1656 iussu
414 1590 577 1656 Ptolemaei
605 1589 684 1676 regis
710 1590 820 1677 pupilli
855 1589 919 1670 sui,
956 1589 1127 1655 auctoribus
1151 1589 1304 1656 Theodoto

179 1716 388 1795 praeceptore,
419 1708 507 1774 cuius
537 1731 646 1794 magna
673 1709 753 1795 apud
781 1730 881 1795 regem
903 1708 1065 1774 auctoritas
1088 1715 1169 1790 erat,
1193 1715 1222 1774 et
1245 1708 1303 1774 Po·

179 1827 270 1892 thino
293 1827 409 1892 occisus
432 1849 497 1893 esse
519 1827 631 1894 dicitur
652 1827 690 1893 ab
713 1827 848 1910 Achilla,
873 1805 924 1894 cui
946 1829 978 1894 id
996 1800 1114 1895 facinus
1131 1828 1302 1915 delegatum

179 1953 261 2026 erat,
295 1946 328 2011 in
358 1947 498 2012 navicula
521 1952 683 2032 antequam
716 1948 750 2012 in
783 1953 894 2014 terram
919 1948 1005 2016 exiit.
1050 1948 1156 2014 Florus
1179 1947 1300 2013 scribit:

180 2065 364 2153 ,Pompeius
376 2067 503 2155 imperio
526 2065 666 2133 vilissimi
687 2067 767 2154 regis
779 2067 912 2133 consiliis
936 2068 1103 2155 spadonum
1125 2073 1156 2134 ot
1171 2075 1209 2134 ne
1228 2047 1323 2152 quid¹

177 2185 268 2250 malis
303 2185 430 2266 deesset,
467 2185 608 2272 Septimii
642 2185 802 2262 desertoris
837 2187 886 2252 sui
919 2187 1020 2274 gladio
1052 2186 1221 2253 trucidatus
1244 2185 1301 2251 sub

177 2305 274 2370 oculis
298 2305 402 2370 uxoris
424 2302 623 2372 moreretur.''
668 2305 845 2372 Persidem
868 2305 996 2371 Orosius
1020 2305 1106 2372 dicit.

224 2423 370 2490 Videmus
393 2430 494 2491 autem
505 2423 645 2506 Plorum,
664 2424 839 2509 ceteroquin
858 2425 975 2490 fidelem
995 2425 1080 2490 Livii
1100 2424 1300 2506 imitatorem,

176 2544 216 2610 ab
234 2567 270 2610 ec
291 2545 472 2631 discrepare,
499 2543 554 2609 ubi
573 2544 672 2610 caedis
692 2551 847 2610 auctorem
872 2544 1055 2631 Septimium
1078 2566 1142 2610 csse
1168 2544 1318 2624 indicat3·

177 2687 250 2729 cum
290 2663 377 2729 Floro
411 2665 606 2730 consentiunt
641 2664 798 2752 Appianas
805 2715 815 2746 ,
849 2664 910 2730 Dio
934 2663 1071 2746 Cassius,
1096 2663 1299 2745 Plutarchus,

83 2873 86 2880 Ι
176 2787 264 2850 ouius
293 2807 387 2870 paene
414 2785 489 2871 ipsis
517 2783 617 2851 verbis
649 2785 811 2872 Appianas
841 2784 949 2852 utitur.
1001 2785 1082 2850 Cum
1109 2783 1200 2849 Livio
1231 2805 1301 2848 con·

174 2905 261 2991 gruit
295 2905 456 2986 Lucanus,
494 2905 548 2991 qni
583 2904 733 2970 Achillam
756 2903 901 2970 nominat.
947 2902 1109 2969 Caesario
1141 2902 1239 2968 medio
1268 2924 1300 2968 se

176 3030 261 3089 tenet
283 3024 430 3091 referens:
459 3023 524 3105 ,ibi
547 3024 585 3090 ab
604 3024 723 3091 Achilla
746 3033 777 3090 et
792 3023 938 3110 Septimio
958 3021 1171 3089 interficitur.”
1194 3022 1299 3104 Quum

177 3151 282 3210 autem
308 3165 410 3208 rursus
432 3143 564 3209 Dionem
587 3143 723 3210 Cassium
745 3149 896 3208 auctorem
919 3142 1136 3230 Pompeianum
1160 3148 1299 3208 secutum

176 3287 243 3330 esse
264 3285 300 3330 ex
319 3263 517 3348 sequentihus
540 3285 602 3329 non
621 3271 732 3329 temere
750 3267 882 3328 statuere
900 3261 1003 3342 liceat,
1020 3283 1151 3346 eumque
1168 3261 1200 3326 in
1220 3269 1297 3328 cete·

175 3383 219 3448 ris
252 3403 323 3448 cum
354 3383 442 3449 Livio
471 3384 654 3465 consentire,
679 3382 856 3449 concludere
879 3382 1042 3462 audemus,
1068 3403 1172 3448 omnes
1194 3387 1297 3446 aucto·

176 3523 224 3568 res
243 3503 546 3589 praeterCaesarem,
569 3503 728 3570 Livianam
750 3503 951 3570 narrationem
971 3512 1089 3569 secutos
1111 3523 1186 3568 esse.
1230 3502 1297 3567 Iam

177 3621 347 3708 antiquitus
380 3645 442 3688 non
477 3623 563 3688 facile
596 3623 714 3688 decerni
748 3623 864 3711 potuit,
898 3624 969 3710 quis
1002 3623 1118 3710 primus
1151 3620 1296 3707 Pompeio

177 3743 290 3808 vulnus
311 3742 471 3824 inflixerit,
506 3765 601 3829 quum
622 3743 673 3810 hic
696 3744 821 3810 fortasse
843 3743 901 3810 sibi
927 3743 1046 3808 laudem
1067 3741 1208 3806 facinoris
1230 3762 1295 3826 per·

176 3862 290 3949 patrati.
305 3869 454 3945 sumeret,
478 3863 551 3930 alter
573 3864 717 3933 honorem
741 3864 867 3931 dubium
891 3864 1068 3952 denegaret,
1093 3863 1165 3948 quia
1186 3859 1294 3926 Roma·

210 4233 228 4311 ¹)
246 4239 316 4313 App.
335 4239 366 4297 B.
384 4237 413 4295 0.
432 4237 471 4294 ll.
489 4239 532 4294 84.
