3308 5138
736 395 775 457 89

195 623 373 688 magnopere
396 599 610 687 prohibebant,
634 599 799 686 quominus
821 599 1011 688 disciplinam
1035 602 1195 668 militarem
1213 625 1310 668 excer-

194 726 294 786 eerent
323 719 495 805 militesque
517 719 550 783 iu
573 719 670 784 officio
693 719 895 801 continerent,
921 743 1014 806 quos,
1038 721 1171 808 exempla
1193 721 1311 789 imtem·

192 839 344 926 perantiae
378 839 531 919 videntes,
566 838 690 903 modum
719 838 859 904 excedere
889 861 950 904 nou
983 839 1104 927 puduit.
1149 839 1310 928 Pompeius
1415 915 1418 922 ⁴

191 958 309 1053 fortiter
332 980 420 1045 agere
443 957 604 1042 nequibat:
633 958 831 1024 haesitatione
860 958 923 1045 ipse
944 983 962 1024 a
986 959 1036 1024 via
1059 959 1211 1026 aberrabat
1218 985 1228 1040 ;
1251 961 1310 1025 for·

191 1076 274 1143 tibus
298 1077 370 1142 viris
392 1076 550 1157 invidens,
575 1083 609 1142 ut
628 1075 752 1158 Catoni,
769 1077 949 1142 necessarias
967 1077 1045 1142 vires
1063 1077 1103 1143 ab
1121 1101 1177 1164 ope
1193 1078 1313 1144 ferenda

191 1197 322 1263 arcebat.

233 1317 376 1382 Lucanus
395 1339 449 1381 nos
467 1315 500 1381 in
516 1323 612 1382 eastra
630 1315 813 1393 introducit,
834 1339 927 1402 quum
945 1317 1093 1382 Lentulus
1111 1317 1216 1382 consul
1229 1340 1312 1383 sena-

191 1436 307 1502 toribus
338 1435 512 1501 convocatis
545 1435 719 1522 persuadet,
749 1443 784 1500 ut
805 1435 983 1523 Pompeium
1006 1436 1112 1502 ducem
1137 1442 1314 1504 cunctarum
1362 1530 1364 1535 Ι

190 1555 344 1642 copiarum
379 1561 488 1622 creent.
544 1555 660 1620 Mensis
693 1554 851 1620 Ianuarius
886 1578 957 1620 mox
991 1555 1105 1636 aderIt3
1139 1557 1314 1624 consulibus

189 1675 286 1762 igitur
311 1673 490 1762 magistratu
514 1696 544 1739 se
567 1672 766 1740 abdicandum
789 1681 869 1741 erat:
904 1675 979 1740 alius
1002 1675 1191 1742 consulatum
1214 1678 1313 1765 auspi·

189 1794 267 1874 cari,
296 1793 344 1858 rel
367 1792 468 1879 potius
491 1816 641 1860 summum
663 1795 822 1881 imperium
846 1795 996 1882 suscipere
1019 1794 1154 1863 debebat.

234 1912 325 1976 Hanc
348 1910 471 1977 Lentuli
495 1912 661 1979 orationem
684 1915 803 1980 aliunde
828 1938 890 1980 non
914 1915 1064 2002 novimus.
1108 1914 1224 1982 Eadem
1243 1941 1313 1984 vero

188 2031 340 2118 principia
373 2033 404 2096 in
439 2033 574 2098 oratione
605 2033 798 2115 inveniutur,
830 2059 847 2099 a
878 2036 1020 2123 Pompeio
1043 2035 1147 2104 habita
1170 2037 1208 2103 ad
1231 2059 1314 2102 sena-

189 2156 269 2215 tores
304 2157 334 2216 et
359 2153 484 2236 vequiles
518 2159 549 2216 et
583 2153 705 2234 milites,
747 2154 785 2219 ab
820 2155 961 2241 Appiano
997 2157 1155 2222 memoriae
1190 2158 1313 2225 tradita.

188 2267 236 2333 Ex
267 2269 307 2333 iis
337 2292 456 2355 quoque
485 2271 584 2336 verbis
615 2272 717 2358 opinio
748 2272 916 2360 colligitur,
947 2278 1099 2340 senatores
1123 2277 1203 2363 apud
1225 2278 1314 2343 Pom-

188 2387 293 2474 peium
317 2395 528 2476 congregatos,
553 2389 667 2455 iustum
691 2398 826 2457 senatum
847 2391 948 2458 haberi
973 2399 1126 2480 oportere:
1149 2397 1229 2482 apud
1241 2397 1313 2464 an-

189 2528 286 2570 sarem
310 2507 402 2572 etiam
424 2507 551 2595 legimus
574 2529 721 2574 summam
742 2510 812 2576 belli
835 2535 994 2599 rerumque
1014 2513 1150 2580 omnium
1167 2516 1311 2604 Pompeio

190 2628 250 2709 pde
274 2626 390 2692 consilii
413 2629 560 2694 sententia
582 2630 757 2716 permissam
781 2629 866 2696 esse''
890 2635 927 2718 1).

234 2746 322 2812 Num
353 2747 453 2811 omnia
483 2748 579 2828 dona,
605 2770 622 2812 a
650 2749 761 2815 Senatu
785 2750 968 2838 Pompeiano
992 2752 1118 2819 urbibus
1140 2761 1171 2820 et
1193 2755 1313 2842 regibus

190 2867 280 2946 data,
304 2887 406 2930 revera
429 2889 466 2937 eo¹
486 2872 619 2953 tempore
642 2869 757 2934 tributa
781 2851 859 2950 sint,
880 2871 914 2936 in
933 2871 1312 2960 mediorelinquere'debe·

190 3008 270 3050 mus.
294 2984 363 3050 Hoc
382 2985 493 3050 etenim
504 2987 633 3068 scimus,
651 2995 787 3054 senatum
806 2991 930 3056 anxium
941 2991 1035 3058 fuisse
1047 3016 1083 3059 ne
1096 2993 1215 3060 decreta
1227 2994 1313 3060 irrIta

191 3105 314 3184 fierent;
339 3104 452 3191 optime
475 3105 556 3171 enim
579 3106 729 3190 sciebant,
754 3132 785 3174 se
809 3110 920 3192 facere,
945 3113 1028 3196 quod
1052 3112 1109 3178 sibi
1131 3113 1312 3199 permissum

181 3352 444 3362 ———-——-—-

224 3517 245 3586 ¹)
264 3514 332 3587 App.
351 3513 382 3570 B.
401 3515 431 3572 0.
449 3515 481 3572 II
499 3517 542 3575 50.
580 3515 662 3580 ,Saul
679 3515 711 3572 de
732 3535 802 3573 rates
821 3517 972 3590 exceptious
990 3517 1010 3572 il
1028 3518 1087 3574 faut
1107 3537 1201 3592 ranger
1214 3517 1254 3574 les
1272 3519 1318 3575 ha·

187 3617 303 3672 raugues
322 3600 464 3674 d’nppien,
483 3600 550 3657 dans
567 3601 595 3658 la
612 3601 696 3658 classe
713 3601 759 3658 des
779 3621 934 3676 mensonges
953 3603 1081 3658 autorists
1099 3622 1147 3676 par
1165 3603 1203 3659 les
1221 3603 1318 3660 loisdu

188 3705 269 3760 genre
287 3686 433 3759 hletorique
451 3688 513 3744 cher
530 3687 570 3744 les
588 3689 721 3746 anciens'’.
741 3687 847 3761 (Igger.
866 3687 982 3744 Examen
1002 3688 1066 3746 erit.
1086 3688 1131 3745 des
1149 3689 1317 3764 histd’Aug.

225 3860 322 3916 Confer
340 3863 429 3917 autem
448 3860 663 3932 Schweightuser
680 3861 771 3917 leerc.
790 3879 834 3935 pg.
854 3861 896 3920 78.

225 3951 311 4019 Egger
333 3963 377 4018 pg.
402 3947 461 4002 259.
501 3946 607 4015 ,Quant
635 3945 651 4000 a
677 3945 734 4001 leur
757 3946 1066 4021 caractere'historique,
1085 3967 1152 4006 nous
1172 3969 1318 4008 avouerons

190 4031 402 4104 qu'Appienest‚
422 4049 485 4087 aveo
494 4031 554 4086 Tite
563 4031 643 4100 Live,
660 4031 729 4097 celui
738 4031 784 4088 des
794 4031 937 4088 annalistes
947 4033 979 4088 de
989 4035 1148 4108 l'antiquite,
1163 4037 1208 4110 qui
1218 4037 1318 4094 semble

191 4117 264 4172 avoir
290 4115 361 4170 suini
382 4116 414 4170 de
435 4115 497 4188 plus
514 4115 587 4188 pres,
607 4115 672 4172 dans
691 4117 737 4173 des
754 4117 915 4190 harengues,
934 4119 973 4176 les
994 4124 1081 4178 texles
1103 4122 1315 4194 authentiques’'.

225 4202 348 4274 Denique
365 4201 425 4257 vide
446 4202 553 4274 Wijnue
572 4201 636 4275 Cap.
654 4202 736 4259 VIII.
755 4221 798 4276 pg.
818 4204 878 4264 127.
