3296 5132
750 424 790 487 57

212 635 258 696 rat
281 631 306 717 ¹)
337 652 400 695 sese
425 652 487 695 rem
511 631 542 695 in
567 652 721 695 summum
745 631 912 718 periculum
937 633 1139 699 deducturum
1165 655 1224 698 non
1247 656 1326 716 esse,

213 772 311 835 neque
341 773 396 815 suo
424 750 551 816 coneilio
582 757 636 816 aut
663 751 821 817 voluntate
851 752 1024 819 Domitium
1055 777 1086 820 se
1117 753 1149 820 in
1181 754 1329 841 oppidum

212 869 377 936 Corfinium
401 870 574 938 contulisse.
608 872 689 954 Quo·
703 894 845 958 responso
869 873 914 938 vir
936 873 1074 960 pertinax
1096 880 1127 939 et
1147 873 1245 939 inanis
1264 873 1330 960 dig·
1362 960 1364 966 y

201 1012 267 1054 nus
301 996 374 1055 erat.
417 989 506 1056 Unde
533 990 688 1078 sequitur,
713 992 875 1058 consilium
900 991 1033 1058 Domitii
1058 991 1220 1073 liberandi,
1244 993 1331 1080 plane

210 1111 316 1175 fictum
344 1131 423 1191 esse,
458 1110 541 1195 quod
568 1110 714 1177 Lucanus
734 1112 853 1177 heroem
877 1135 965 1178 suum
989 1135 1092 1199 capere
1114 1111 1207 1178 iubet.
1248 1111 1330 1178 Nam

211 1230 293 1316 rpuod
316 1230 480 1317 Pompeius
504 1231 682 1318 scripserat,
706 1255 736 1298 se
760 1254 832 1298 cum
855 1231 994 1297 omnibus
1017 1231 1113 1318 copiis
1137 1231 1330 1298 auxilioven·

210 1358 314 1416 turum
345 1372 425 1428 esse,
449 1351 475 1415 si
500 1372 561 1436 qua
582 1350 711 1418 facultas
733 1351 856 1432 fuisset,
881 1350 963 1416 haud
986 1350 1074 1416 facile
1097 1349 1161 1416 dux
1183 1349 1241 1416 boc
1263 1373 1330 1437 pro-

210 1471 302 1536 misso
325 1477 403 1536 staro
429 1472 592 1563 potuisset.

253 1591 300 1656 Ex
321 1591 366 1684 iis
380 1591 509 1673 litteris,
535 1615 611 1679 quas
636 1593 888 1674 memoravimus,
912 1591 1067 1678 sequitur,
1093 1592 1331 1678 haudquaquam

209 1711 388 1798 Pompeium
411 1713 546 1778 nescium
566 1713 661 1778 fuisse
672 1714 816 1800 periculi,
837 1713 919 1801 qnod
939 1712 1076 1778 Domitio
1093 1713 1281 1793 immineret,
1294 1719 1332 1777 ut

209 1830 297 1896 nobis
319 1832 464 1897 Lucanus
487 1833 666 1920 persuadere
689 1842 827 1900 conatur.
866 1832 1003 1898 Eandem
1027 1854 1147 1897 causam
1168 1831 1330 1914 habemuS,

209 1973 263 2015 cur
297 1951 502 2037 suspicemur,
534 1959 651 2039 poetam
683 1954 807 2019 Caesare
836 1955 919 2018 fonte
944 1974 1033 2017 usum
1057 1975 1118 2018 non
1141 1972 1217 2017 esse.
1251 1950 1330 2017 Vide

209 2093 276 2135 mus
299 2070 379 2136 enim
403 2093 546 2158 magnum
570 2073 648 2138 inter
671 2083 729 2152 eos'
744 2073 904 2138 discrimen
927 2072 1121 2138 intercedere.

252 2192 311 2256 Dio
338 2167 460 2257 Cassius
474 2195 498 2278 ⁹)
534 2168 570 2258 de
593 2191 721 2258 Corfinii
745 2193 900 2258 obsidione
922 2214 1020 2279 pauca
1042 2197 1164 2258 tantum
1187 2191 1312 2258 tradidit
1320 2219 1330 2272 3

208 2336 286 2400 quae
309 2313 419 2395 refert,
444 2312 556 2377 milites
576 2311 767 2377 Domitianos
794 2313 965 2398 proditione
984 2312 1070 2378 ducis
1094 2311 1210 2377 detecta
1233 2318 1332 2398 partes

207 2433 341 2499 Caesaris
371 2440 489 2499 secutos
518 2454 597 2512 esse,
627 2432 716 2519 plane
749 2454 819 2497 cum
847 2432 981 2498 Caesaris
1010 2432 1108 2498 verbis
1126 2437 1329 2518 congruunt,

207 2554 321 2640 quibus
355 2552 518 2629 docemur,
553 2551 661 2616 milites
695 2551 763 2616 illos
797 2551 847 2637 (de
881 2551 995 2637 quibus
1027 2551 1105 2616 infra
1135 2551 1329 2638 videbimus),

207 2680 432 2740 sacramentum
448 2672 530 2760 apud
554 2695 585 2736 so
608 2671 730 2737 dixisse.

250 2792 445 2873 Contionem,
468 2814 528 2877 qua
550 2789 715 2877 Pompeius
738 2812 807 2854 enm
833 2790 982 2856 militibus
1011 2790 1172 2855 consilium
1197 2795 1330 2856 commu-

208 2912 307 2991 nicet,
332 2899 484 2996 quamque
505 2911 539 2975 hi
551 2909 636 2975 nullo
649 2909 776 2974 clamore
789 2916 958 2996 sequuntur
965 2959 974 2990 ,
998 2909 1155 2997 ingenium
1174 2910 1329 2996 politicum

208 3023 391 3118 excogitavit
414 3038 444 3096 et
467 3031 565 3095 finxit.

251 3151 415 3238 Pompeius
438 3151 637 3216 Brundisium
661 3149 834 3230 contendit,
861 3151 941 3215 urrde
965 3149 1063 3215 fllium
1076 3150 1205 3215 Sextum
1217 3149 1250 3215 in
1261 3151 1333 3215 Asi

207 3294 255 3336 am
278 3273 389 3336 mittit:
420 3271 587 3346 Σκηπιώνοι
617 3271 647 3334 δὲ
676 3271 727 3335 τὸν
755 3270 891 3351 πένθερον
918 3269 970 3334 axi
995 3278 1103 3335 Γναῖον
1125 3271 1176 3334 τὸν
1201 3271 1262 3336 albu
1286 3273 1328 3343 εἷς

209 3391 321 3471 Συρίαν
344 3391 515 3457 ἀπέστειλε
545 3391 686 3456 ναυτικὸν
713 3389 1005 3456 exsecrandorum.
1032 3390 1127 3477 (Plut.¹
1141 3391 1248 3477 Pomp.
1263 3393 1328 3476 62).

207 3512 354 3576 Consules
388 3513 420 3576 in
444 3511 602 3577 Graeciam
627 3511 712 3576 missi
736 3535 799 3578 esse
821 3510 858 3577 ab
881 3511 1059 3578 auctoribus
1083 3511 1244 3590 dicuntur,
1268 3533 1328 3576 non

208 3639 327 3710 autem,
351 3637 388 3694 ut
410 3633 553 3697 Lucanus
576 3632 728 3716 perhibet,
752 3632 806 3716 qui
826 3633 954 3719 populos
970 3632 1081 3698 amicos
1101 3631 1139 3696 ad
1150 3631 1330 3718 Pompeium

208 3776 224 3816 a
247 3775 349 3816 socero
369 3751 589 3817 defendendum
602 3750 784 3832 excitarent,
810 3753 861 3817 sed
875 3753 929 3838 qui
943 3775 1082 3838 magnam
1096 3752 1247 3816 exercitus
1263 3775 1329 3838 par·

208 3877 283 3950 tem,
307 3871 400 3936 XXX
425 3871 573 3950 cobortes,
597 3871 789 3938 traducerent
815 3874 853 3958 (a.
867 3873 896 3938 d.
910 3873 966 3939 IV.
979 3872 1062 3938 Non.
1087 3872 1205 3958 Mart).
1240 3871 1328 3936 Pom·

240 4153 462 4224 paean

239 4237 616 4310 andnuman
