3308 5138
834 362 895 426 lae

303 591 422 638 causam
446 569 535 660 fugae
557 571 744 658 significant:
763 590 846 634 amor
867 566 1003 655 Pompeii
1018 588 1069 632 eos
1091 589 1173 632 arma
1197 588 1302 653 capere
1324 567 1424 655 impu·

304 690 397 771 leret,
419 714 481 757 non
500 691 573 758 belli
597 689 706 757 civilis.
751 687 897 774 Pompeio
919 685 1077 752 interfecto
1100 707 1190 753 causa
1211 708 1317 753 eorum
1336 687 1423 754 iacet.

305 812 369 876 aut
398 811 521 876 domum
552 808 648 897 igitur
677 806 757 874 abire
790 807 914 886 volunt,
949 811 1002 872 aut
1035 827 1111 892 quae
1140 806 1245 871 consul
1271 806 1426 871 Romanus

305 931 391 1018 signa
435 928 542 1010 habet,
588 951 624 994 ea
669 927 755 1014 sequi
800 930 917 1014 optant.
973 923 1048 991 Cato
1090 924 1338 1012 indignabundus
1375 949 1427 992 eos

305 1048 443 1114 oratione
475 1048 585 1113 retinet
618 1045 753 1112 animum
787 1051 878 1132 atque
900 1045 1044 1132 pudorem
1071 1066 1203 1110 movens.
1244 1043 1296 1110 Ne
1317 1020 1426 1112 iterum

308 1165 398 1232 otiosi
421 1165 493 1231 talia
510 1187 613 1232 secum
636 1169 773 1253 reputare
792 1163 927 1251 possint,
944 1162 1179 1250 Cyraenaeorum
1197 1161 1319 1249 oppidis
1338 1187 1429 1252 expu-

309 1285 439 1372 gnandis
458 1307 508 1351 eos
527 1285 605 1351 bello
617 1308 680 1351 esse
692 1291 854 1372 occupatos
866 1290 962 1350 corat.
984 1283 1065 1348 Dein
1077 1282 1234 1348 consilium
1247 1281 1322 1348 Cato
1334 1282 1430 1348 Iubae

310 1404 396 1492 regni
428 1405 551 1492 petendi
584 1403 666 1492 capit
699 1410 730 1469 et
762 1425 815 1491 per
848 1401 966 1489 Syrtes,
997 1425 1070 1488 quas
1098 1403 1239 1468 Lucanus
1270 1402 1429 1484 describit,

312 1546 389 1590 nave
427 1524 557 1590 vehitur.
608 1523 743 1589 Maxima
776 1528 953 1610 tempestate
991 1529 1056 1588 orta
1096 1523 1262 1609 multisque
1301 1523 1431 1590 navibus
1490 1517 1493 1522 ’

311 1643 370 1709 alio
393 1641 499 1709 delatis
522 1643 587 1729 ipse
610 1641 642 1707 in
665 1647 775 1707 terram
798 1663 934 1728 egressus
957 1663 1025 1707 cum
1049 1641 1214 1722 militibus,
1240 1663 1431 1728 quosseoum

314 1761 420 1842 habet,
443 1783 497 1848 per
518 1761 668 1826 desertum
679 1760 738 1824 iter
759 1759 856 1825 facere
879 1760 1023 1826 instituit.
1047 1760 1150 1826 Morae
1172 1760 1254 1826 euim
1272 1761 1432 1848 impatiens

280 1949 282 1953 ,
313 1903 367 1970 per
387 1903 491 1946 arenas
513 1881 557 1946 ire
580 1880 709 1961 mavult,
734 1901 824 1964 quam
847 1881 937 1946 maris
959 1880 1101 1967 periculis
1124 1881 1235 1947 iterum
1247 1881 1366 1948 obviam
1377 1883 1432 1948 ire.

317 2001 385 2082 ,De
416 1999 544 2066 calcaria
565 2006 666 2064 antem
700 1998 733 2064 in
760 1997 964 2064 carbonariam
986 1997 1155 2086 pervenit.''
1201 1999 1295 2066 Haud
1317 2001 1433 2069 minora

315 2121 365 2185 vel
394 2119 520 2185 fortasse
551 2118 648 2184 multo
672 2117 812 2206 graviora
833 2117 1025 2184 incommoda
1047 2119 1105 2184 iter
1127 2109 1309 2186 facientibus
1330 2144 1434 2208 perpe·

313 2239 415 2304 tiendo
437 2245 519 2303 sunt.
565 2237 655 2303 Calor
673 2237 725 2302 vix
744 2236 917 2302 tolerandus
936 2243 1015 2318 erat,
1039 2237 1115 2303 nulli
1127 2238 1226 2304 fontes
1237 2239 1435 2306 inveniuntur

313 2381 440 2450 quornm
474 2381 552 2442 aqua
584 2357 667 2422 sitim
698 2357 816 2444 explere
845 2356 980 2443 possint,
1016 2379 1121 2423 arenae
1143 2359 1242 2423 ventis
1264 2358 1431 2438 tolluntur,

316 2485 347 2544 et
374 2498 540 2564 numquam
571 2475 701 2541 resoluto
719 2475 832 2541 vertice
849 2476 996 2564 pendent,
1024 2500 1118 2563 quum
1145 2478 1255 2545 milites
1278 2479 1312 2544 vi
1333 2502 1432 2545 arena·

315 2620 382 2665 rum
395 2597 573 2663 obruuntur.
596 2595 673 2662 Cato
685 2600 784 2661 tamen
797 2597 966 2662 constantia
977 2602 1066 2683 atque
1079 2597 1173 2662 animi
1184 2597 1362 2664 fortitudine
1374 2600 1433 2665 sibi

316 2717 426 2782 milites
440 2715 536 2802 magis
555 2724 710 2802 magisque
733 2714 875 2782 devincit.
899 2716 1025 2780 Animos
1049 2739 1152 2783 eorum
1174 2725 1266 2804 auget
1289 2719 1431 2806 exemplo.

317 2835 422 2902 Unum
457 2835 607 2922 specimen
639 2835 781 2900 Lucanus
815 2835 915 2915 affert,
950 2835 1032 2920 quod
1066 2837 1157 2901 etiam
1191 2837 1228 2903 de
1262 2838 1434 2904 Alexandro

319 2955 433 3042 Magno
452 2960 606 3034 narratur,
631 2977 719 3038 quem
740 2953 778 3019 ad
800 2953 922 3019 modum
943 2954 1030 3040 plura
1047 2978 1063 3020 a
1082 2954 1206 3020 Lucano
1223 2956 1334 3022 tradita
1353 2961 1433 3044 apud

320 3075 478 3162 scriptores
489 3095 588 3138 rerum
601 3073 764 3139 Alexandri
776 3072 882 3158 Magni
895 3073 1051 3138 historiam
1062 3074 1265 3140 describentes
1277 3075 1435 3142 inveniun-

320 3201 380 3260 tur.
403 3193 495 3259 Miles
519 3215 612 3278 quum
636 3215 744 3278 aquam
756 3193 833 3258 forte
844 3193 998 3258 inventam
1010 3193 1119 3260 Catoni
1130 3195 1315 3282 porrigeret,
1335 3197 1362 3261 is
1384 3197 1435 3262 ab·

319 3335 415 3380 nuens
437 3312 496 3378 sibi
519 3319 685 3398 porrectam
696 3313 813 3399 galeam
825 3312 926 3378 bibere
937 3314 1059 3399 negavit
1071 3313 1190 3380 dicens:
1216 3316 1436 3395 „Meucsclum

320 3433 352 3498 in
384 3433 442 3498 hoc
469 3431 602 3498 exercitu
631 3431 746 3496 virtute
768 3453 896 3496 vacuum
925 3432 1058 3518 putasti,
1092 3433 1145 3518 qui
1169 3433 1238 3498 aliis
1261 3434 1436 3502 sitientibus

322 3550 465 3618 bibamr'’
490 3551 592 3634 iraque
615 3551 751 3617 concitus
774 3551 887 3636 galeam
910 3551 1053 3618 excussit.
1068 3555 1092 3637 1)

365 3670 416 3736 Ad
438 3670 522 3736 Iovis
548 3670 726 3736 Hammonis
751 3669 916 3736 Oraculum
940 3672 1082 3753 veniunt,
1107 3673 1188 3758 quod
1210 3679 1245 3738 nt
1267 3674 1437 3740 consultant

353 4077 373 4145 ¹)
393 4074 487 4131 Confer
506 4076 580 4131 Curt.
600 4076 671 4133 Hist.
689 4077 765 4133 Alex.
783 4075 849 4132 VII.
860 4078 885 4134 5.
903 4078 946 4133 lt.
967 4077 1038 4142 ,Nec
1056 4071 1128 4135 solus
1145 4077 1233 4135 bibere
1247 4079 1380 4148 sustineo,
1395 4082 1463 4156 nec]

315 4165 370 4219 tam
388 4162 512 4234 exiguum
531 4162 647 4219 dividere
664 4162 786 4220 omnibns
804 4163 938 4237 possum.'’
