3308 5138
728 377 788 440 149

197 585 259 674 git,
288 583 387 652 simile
417 585 590 670 exemplum
625 584 704 671 apud
736 582 899 672 Virgilium
932 585 1110 653 invenimus.
1155 585 1200 654 Ut
1230 587 1311 656 Dido

197 705 342 772 lhoianos
361 710 452 792 atque
469 706 620 771 Aenacam
636 702 827 770 advenientes
847 703 977 792 benigne
996 710 1027 770 et
1042 705 1168 772 comiter
1179 707 1311 795 accepit,

198 826 242 892 sic
265 825 427 912 Cleopatra
449 823 597 911 hospitio,
619 828 651 890 et
669 823 750 908 qnod
765 823 855 890 etiam
867 823 961 910 pluris
973 830 1031 906 ost,
1045 825 1155 892 amoris
1165 825 1311 892 illecebris

197 945 372 1026 Caesarem
411 948 447 1008 ut
479 941 533 1008 illa
566 942 603 1008 de
636 941 714 1008 bello
742 941 871 1010 lhoiano
895 944 1045 1010 Aenaeam
1067 945 1246 1032 interrogat,
1269 944 1314 1012 ita

197 1065 307 1132 Caesar
329 1063 366 1128 de
388 1063 528 1150 Aegypto
551 1061 678 1147 eiusque
699 1066 807 1128 natura
830 1066 860 1128 ct
883 1061 965 1128 coelo
989 1063 1192 1131 Anchoreum.

241 1183 361 1252 Caesari
390 1183 429 1249 ad
463 1204 581 1248 mensas
614 1181 788 1270 Cleopatrae
824 1181 1013 1249 accumbenti
1046 1181 1225 1249 insidiatum
1251 1204 1314 1250 esse

199 1309 334 1384 constat,
394 1302 469 1369 licet
494 1308 652 1389 tempos,
706 1326 724 1368 a
770 1303 894 1368 Lucano
942 1301 1126 1384 indicatum,
1172 1302 1324 1369 incertum
1379 1351 1385 1359 -

197 1424 249 1489 sit.
310 1422 445 1490 Velleius
497 1421 673 1489 Paterculus
726 1427 846 1489 mnium
896 1421 972 1490 dicit
1020 1424 1061 1510 1):
1126 1444 1216 1504 ,scum
1258 1445 1312 1489 ve·

199 1543 334 1610 nientcm
376 1563 446 1608 eum
474 1545 659 1608 tentassent
698 1563 733 1608 ac
775 1541 883 1608 deinde
923 1540 1001 1607 bello
1042 1541 1185 1607 lacessere
1225 1541 1316 1608 ande·

199 1667 288 1729 nent.
303 1711 311 1729 .
325 1711 333 1729 .
347 1711 355 1728 .
369 1709 399 1729 ..
422 1659 538 1747 seqq.”.
585 1660 746 1727 Suetonius
768 1683 861 1747 aeque
869 1660 1015 1744 ,breviter
1028 1683 1101 1727 rem
1125 1659 1250 1749 attingit
1273 1663 1314 1749 ⁹):

201 1805 292 1866 pcnm
311 1782 483 1848 Ptolemaeo
502 1802 589 1867 rege,
609 1803 707 1867 aquo
727 1780 784 1846 sibi
803 1802 925 1866 quoque
944 1779 1068 1846 insidias
1080 1777 1164 1845 tendi
1176 1778 1314 1862 videbat,

199 1902 313 1970 bellum
337 1924 407 1967 sane
429 1899 547 1967 difficile
569 1899 678 1987 gessit,
701 1922 799 1986 neque
821 1900 889 1966 loco
913 1921 1013 1985 neque
1036 1904 1170 1987 tempore
1188 1898 1316 1986 aequo'’.

200 2021 408 2088 Proditionem
431 2021 551 2087 molitos
574 2043 638 2086 csse
656 2042 758 2086 omnes
777 2019 856 2107 regis
875 2019 1003 2100 amicos,
1017 2019 1201 2100 Pothinum,
1215 2017 1318 2085 Achil·

200 2141 278 2222 lam,
308 2140 513 2221 Theodotum,
542 2138 751 2227 Ganymeden,
778 2145 808 2204 ct
830 2137 935 2204 Livius
959 2144 989 2204 ct
1011 2136 1136 2204 Orosius
1158 2145 1189 2204 et
1211 2137 1317 2204 Florus

200 2265 335 2328 narrant.
379 2258 439 2324 Dio
469 2258 589 2325 Cassius
619 2258 657 2324 de
680 2257 728 2322 his
751 2256 831 2323 robis
854 2280 945 2345 agens
965 2262 1048 2324 'recte
1070 2263 1189 2338 monet,
1212 2258 1317 2324 Caesa·

202 2402 267 2446 rem
291 2379 452 2466 Cleopatra
474 2378 638 2465 instigante
659 2399 690 2442 se
714 2377 927 2443 controversiis
949 2376 1143 2465 Aegyptiacis
1164 2377 1318 2444 immiscu-

200 2500 271 2567 isse.
315 2497 390 2564 Non
432 2497 512 2564 enim
545 2497 654 2563 Caesar
686 2518 792 2562 verum
825 2496 919 2579 dicit,
950 2496 1004 2563 ubi
1032 2501 1134 2563 narrat
1167 2519 1198 2564 se
1229 2497 1316 2584 quasi

202 2623 309 2706 sponte
332 2624 363 2684 et
382 2618 461 2684 ultro
484 2617 522 2682 ad
545 2639 580 2682 ea
603 2616 762 2682 accessisse
784 2616 822 2702 ⁸).
956 2681 957 2684 ,

248 2739 339 2826 Apud
365 2737 494 2803 Dionem
515 2737 643 2824 legimus
666 2734 826 2816 nonnulla,
850 2757 977 2821 quorum
999 2734 1080 2823 apud
1101 2734 1258 2802 Lucanum
1280 2758 1318 2802 ne

202 2857 292 2925 verbo
322 2857 444 2942 quidem
474 2855 657 2922 mentionem
686 2855 795 2920 factam
824 2853 1014 2921 invenimus:
1046 2855 1098 2920 sed
1128 2877 1204 2941 quae
1229 2862 1318 2942 polita

202 2983 303 3044 namot
333 2999 401 3042 cum
429 2975 528 3041 Dione
549 2974 677 3040 fideliter
696 2979 883 3062 congruunt:
908 2975 1043 3062 exceptis
1064 2974 1103 3040 iis
1125 2997 1201 3061 qnae
1222 2976 1318 3042 Luca·

203 3119 261 3162 nus
290 3095 411 3184 ingenio
440 3095 558 3183 poetico
588 3094 748 3181 indulgens
778 3093 816 3160 de
846 3116 900 3160 sno
936 3094 1068 3176 addidit,
1101 3093 1183 3162 nulla
1217 3100 1317 3162 autem

204 3217 320 3284 ratione
343 3215 414 3281 fidei
437 3213 597 3281 historicae
619 3214 768 3280 nocentia.

249 3335 326 3402 Oum
349 3333 439 3399 Floro
462 3333 573 3399 iterum
585 3333 655 3399 talis
675 3355 837 3406 consensus
849 3333 981 3401 cernitur
988 3339 1046 3416 ,ut
1057 3333 1247 3402 infitiandum
1258 3358 1319 3403 non

204 3455 247 3520 sit
280 3477 315 3519 ex
349 3453 454 3518 eodem
487 3453 571 3518 fonto
606 3452 711 3518 ambos
745 3453 900 3519 sumsisse:
941 3453 1070 3519 Dionem
1104 3451 1242 3520 Cassium
1282 3477 1318 3520 ex

205 3573 295 3640 Livio
325 3571 459 3638 hausisse
486 3571 614 3652 scimus;
643 3571 764 3638 Illorum
790 3571 913 3639 Livium
936 3581 1073 3638 secutum
1096 3595 1159 3638 esse
1182 3577 1319 3654 constat,

207 3693 303 3779 iisqne
321 3690 463 3778 probatur
489 3711 567 3776 quae
587 3690 620 3756 in
644 3690 790 3757 Periocha
811 3689 904 3756 CXII
921 3691 1064 3778 legimus:
1085 3712 1184 3757 nonne
1201 3691 1320 3758 conclu·

239 4022 260 4092 1)
279 4019 311 4076 11
329 4021 371 4075 aa.
390 4019 416 4075 1.

240 4106 262 4178 2)
280 4105 343 4164 nav.
363 4103 416 4162 aa.
435 4105 477 4161 aa.

239 4191 260 4262 ³)
279 4191 331 4248 oro
349 4190 439 4249 xnrr.
458 4191 501 4248 aa.
521 4191 563 4252 aa.
