3296 5132
858 409 899 472 74

317 617 432 684 ficiunt.
469 616 628 700 Vulteius,
653 617 795 684 tribunus
819 616 969 694 cohortis,
992 638 1067 702 quae
1090 621 1166 681 teste
1188 615 1278 682 Floro
1302 621 1327 702 1)
1352 615 1434 682 mille

316 738 475 804 homiuum
506 745 586 820 erat,
621 738 693 804 huic
733 736 790 804 rati
833 742 984 823 praeerat3
1019 735 1241 802 commilitones
1282 734 1433 802 nobilibus

317 856 417 923 verbis
445 881 576 924 amorem
607 857 741 923 Caesaris
775 857 976 942 virtutemque
1010 854 1104 942 gloria
1138 855 1261 942 diguam
1298 855 1433 921 testanti·

318 978 388 1058 bus,
414 983 450 1043 ut
473 977 533 1043 sibi
557 983 683 1042 mortem
706 975 922 1041 consciscerent
944 974 1120 1040 adhortatus
1143 979 1199 1040 est.

362 1097 435 1162 Nou
466 1096 587 1184 segnius
617 1095 726 1162 bellum
756 1094 789 1159 in
819 1093 897 1159 arvis
925 1091 1047 1178 Libycis
1077 1093 1197 1160 exemit.
1234 1093 1328 1158 (lario
1355 1094 1434 1159 euim

319 1215 422 1282 Sicilia
463 1217 567 1281 relicta
598 1215 665 1280 vela
696 1214 817 1280 dederat
856 1212 895 1278 ad
924 1213 1058 1277 Africam
1095 1219 1126 1277 et
1166 1211 1245 1278 inter
1280 1213 1435 1298 antiquam

320 1335 532 1422 Carthaginem
555 1342 585 1400 et
608 1333 713 1401 urbem
731 1332 872 1420 clypeam
886 1331 1049 1419 (Ἀσπίδα)
1061 1331 1188 1419 appulit.
1219 1330 1324 1397 Castra
1335 1333 1437 1418 posuit

321 1454 358 1520 ad
381 1455 493 1520 flumen
516 1454 698 1541 Bagradam,
722 1452 774 1518 ubi
806 1475 837 1517 se
860 1452 897 1518 ab
921 1451 1028 1517 ineolis
1049 1451 1205 1517 historiam
1227 1451 1338 1516 Antaei
1358 1451 1437 1538 regis

321 1573 489 1639 docendum
509 1581 604 1640 curat.
644 1573 751 1660 Ipsum
771 1571 887 1652 locum,
914 1570 967 1637 ubi
996 1569 1099 1656 Scipio
1124 1571 1254 1636 tentoria
1277 1569 1436 1650 habuerat,

322 1692 504 1758 ostendunt:
529 1693 657 1780 vestigia
682 1692 786 1758 saltem
809 1693 918 1758 veteris
942 1691 1011 1756 valli
1035 1690 1116 1756 cerui
1139 1695 1314 1777 potueruut.
1349 1688 1439 1755 Curio

321 1811 422 1877 omine
453 1811 604 1898 Scipionis
637 1813 785 1877 nominati
811 1818 934 1899 accepto
959 1812 996 1876 ad
1019 1809 1127 1875 bellum
1151 1809 1315 1896 gerendum
1339 1831 1440 1894 sepa·

322 1937 378 1996 rat.
402 1931 475 1996 Vari
498 1930 553 1997 sub
575 1931 640 1996 iure
663 1933 759 1997 omnis
781 1932 886 1997 Africa
909 1937 989 2009 erat3
1012 1930 1039 1994 is
1051 1929 1131 1994 enim
1147 1927 1279 1993 Auximo
1291 1929 1402 1993 relicto
1416 1931 1439 2014 2)

323 2051 357 2115 in
387 2051 521 2117 Africam
556 2051 691 2132 traiecit,
727 2051 779 2117 nbi
813 2051 927 2116 duabus
952 2055 1068 2115 tantum
1091 2047 1262 2134 legionibus
1297 2053 1441 2135 praeerat.

323 2169 401 2235 Cum
435 2191 469 2234 eo
503 2191 555 2234 rex
585 2169 661 2234 Iuba
689 2171 862 2236 societatem
896 2168 1021 2249 inierat,
1055 2168 1107 2254 qui
1130 2189 1190 2232 non
1214 2165 1310 2231 solum
1334 2165 1442 2231 studiis

325 2287 464 2355 civilibus
494 2287 606 2362 bellum
637 2289 792 2371 movebat,
820 2289 872 2355 sed
902 2288 993 2354 etiam
1023 2287 1142 2374 privata
1172 2286 1216 2350 ira
1245 2284 1384 2350 concitus
1411 2285 1442 2349 iu

323 2408 483 2474 (lurionem
508 2407 611 2473 odium
634 2415 821 2496 conceperat.
869 2410 952 2473 Nam
987 2429 1054 2472 eum
1078 2406 1170 2472 Curio
1192 2406 1258 2492 lege
1280 2404 1444 2470 tribunicia

326 2550 418 2614 reguo
442 2549 566 2592 avorum
589 2527 733 2613 depellere
756 2534 966 2610 conatusest:
991 2543 1105 2592 memor
1128 2525 1212 2591 illius
1234 2525 1365 2605 doloris,
1387 2523 1445 2590 hoc

325 2645 434 2712 bellum
452 2643 579 2710 libenter
599 2652 705 2710 contra
724 2645 882 2726 inimicum
903 2647 1038 2734 suscipit.
1062 2645 1154 2711 Curio
1169 2651 1271 2710 tamen
1290 2667 1352 2709 rem
1371 2644 1445 2710 bene

325 2764 430 2852 gessit.
466 2765 581 2832 Varum
613 2787 717 2852 campo
749 2765 880 2854 pepulit,
911 2767 1055 2854 profugas
1078 2766 1207 2848 milites,
1231 2767 1326 2831 donec
1349 2771 1446 2832 castra

327 2891 504 2965 vetuerunt,
529 2885 648 2952 cecidit.
673 2885 794 2967 Quibus
817 2887 927 2951 auditis
950 2886 1029 2952 Iuba
1045 2887 1119 2951 clam
1138 2885 1258 2973 agmina
1270 2907 1323 2949 sua
1335 2853 1458 2972 rapuit.¹

327 3004 491 3085 Saburam,
527 3006 612 3089 quasi
643 3006 671 3070 ei
701 3005 812 3071 bellum
846 3006 1039 3072 commissum
1070 3011 1164 3086 esset,
1196 3005 1366 3092 praemisit,
1394 3004 1447 3089 qui

327 3121 443 3189 levibus
475 3125 595 3210 proeliis
624 3124 725 3191 hostes
752 3124 923 3205 lacesseret,
959 3126 1032 3191 dum
1055 3126 1119 3212 ipse
1141 3149 1193 3190 rex
1216 3124 1297 3190 viros
1320 3125 1352 3188 in
1375 3123 1449 3188 valle

328 3242 462 3310 retinuit.
508 3241 553 3316 Ut
575 3249 619 3308 est
641 3244 674 3308 in
697 3251 795 3309 vetere
817 3243 975 3330 proverbio
1000 3245 1113 3323 „fortes
1134 3245 1265 3310 Fortuna
1286 3241 1392 3308 iuvat’'
1405 3245 1448 3328 8),

328 3359 492 3428 audacibus
515 3361 608 3428 Iubae
632 3363 789 3429 fraudibus
812 3368 937 3428 eventus
957 3362 1062 3429 datur:
1086 3362 1178 3428 Curio
1201 3362 1234 3427 in
1256 3361 1383 3427 insidias
1405 3363 1450 3426 iu·

330 3479 415 3547 cidit.
461 3481 576 3547 Bellum
609 3481 697 3547 civile
720 3487 873 3548 auctorem
897 3504 986 3548 suum
1012 3481 1158 3549 trahebat.
1205 3480 1311 3570 Subito
1335 3481 1452 3566 equites

362 3817 382 3935 ι’)
402 3863 441 3920 11.
460 3865 503 3921 aa.

364 3949 384 4009 ²l
403 3949 479 4006 Cous.
499 3948 539 4005 Il.
557 3950 617 4005 462.

363 4037 385 4105 ⁵)
405 4034 460 4094 Cio.
487 4034 565 4092 Iunc.
593 4034 668 4108 Disp.
696 4034 735 4090 II.
758 4039 784 4092 4.
804 4035 847 4090 11.
878 4033 952 4089 Coul.
971 4031 1070 4090 Tihull,
1089 4033 1112 4089 1.
1134 4036 1158 4090 t.
1182 4035 1223 4090 16.
1262 4035 1460 4102 Audendumst,

331 4123 413 4179 fortes
432 4120 540 4177 adiuvat
554 4120 612 4194 ipsa
632 4119 733 4176 Vanus.
751 4150 786 4162 -
805 4119 866 4176 niv.
883 4117 964 4176 VIII.
985 4119 1026 4174 29.
1045 4120 1155 4174 eventus
1173 4117 1262 4188 docet,
1281 4121 1362 4178 fortes
1380 4122 1462 4178 sortu-

332 4226 392 4265 uam
411 4207 509 4265 iuvare.
546 4203 732 4286 Vergilgllen.
749 4204 782 4264 X.
802 4206 861 4262 284.
888 4204 1023 4266 Audentes
1041 4205 1147 4264 lortuua
1163 4206 1248 4268 iurat.
