3308 5138
876 422 917 483 80

331 629 457 709 referat,
488 649 557 693 cum
587 625 677 693 Livio
708 633 739 692 et
761 627 884 692 Lucano
907 628 1030 693 omnino
1055 629 1223 706 consentit,
1247 652 1345 715 nequo
1369 628 1454 696 dubi·

333 749 392 814 tari
411 770 485 836 opus
503 754 563 828 est,
587 769 654 812 eum
667 745 748 812 Livii
766 745 946 812 auctoritate
963 745 1014 812 hic
1032 768 1154 832 quoque
1169 769 1256 812 usum
1268 770 1342 815 esse.
1387 748 1454 814 Hoc

334 867 429 955 igitur
448 866 536 933 nobis
558 887 734 954 persuasum
764 871 829 946 est,
853 870 885 930 et
907 865 1036 931 Dionem
1060 871 1091 931 et
1111 865 1269 933 Lucanum
1292 889 1327 932 ea
1352 866 1454 933 eodem

334 986 433 1068 fonte,
457 985 479 1053 i.
492 1008 547 1053 ee
570 985 677 1066 Livio,
698 985 843 1051 hausisse.
1019 1071 1024 1082 ι

377 1105 585 1172 Miserandam
611 1112 657 1172 est
682 1103 972 1192 locupletissimum,
995 1104 1066 1170 licet
1088 1127 1148 1171 non
1171 1127 1287 1192 semper
1308 1105 1367 1170 fide
1390 1105 1456 1192 dig·

334 1224 493 1292 nissimum
516 1223 585 1290 beli
608 1224 706 1290 civilis
726 1230 880 1290 auctorem
908 1223 993 1290 uullo
1017 1223 1107 1290 verbo
1132 1224 1237 1289 harum
1260 1223 1298 1289 ab
1320 1223 1455 1289 Antonio

334 1367 433 1411 rerum
461 1349 614 1433 gestarum
636 1343 820 1409 mentionem
842 1343 958 1408 fecisse.
1003 1343 1051 1408 Ex
1073 1343 1148 1430 ipsis
1171 1350 1272 1408 autem
1296 1340 1454 1407 Commen-

335 1465 419 1530 tariis
443 1463 630 1552 comprobari
650 1469 761 1549 potest,
783 1463 857 1528 haec
877 1463 978 1528 omnia
996 1463 1153 1528 aCaesare
1170 1485 1232 1528 non
1251 1462 1361 1527 omissa
1378 1484 1455 1541 esse,

335 1584 387 1650 sed
416 1606 469 1670 per
498 1582 641 1648 iniuriam
669 1583 811 1669 temporis
834 1582 1003 1648 evanuisse.
1048 1581 1155 1647 Caesar
1178 1582 1258 1647 enim
1282 1581 1402 1667 saepius
1425 1580 1456 1644 in

334 1702 564 1770 Commentariis
586 1703 641 1768 has
663 1725 710 1767 res
732 1709 831 1790 gestas
854 1701 953 1768 obiter
976 1702 1145 1789 siguificat,
1169 1707 1205 1766 ut
1228 1723 1305 1786 quae
1326 1699 1456 1766 eseiam

333 1846 421 1910 supra
452 1823 619 1910 descriptae
648 1822 720 1888 sint.
766 1821 883 1887 Deinde
915 1845 933 1886 a
964 1821 1133 1888 Scholiasta
1157 1821 1189 1886 in
1212 1820 1287 1887 Luc.
1311 1803 1369 1887 IV.
1396 1821 1455 1883 102

334 1943 436 2008 eadem
465 1941 646 2020 referuntur,
677 1964 754 2028 quae
785 1942 865 2028 apud
895 1941 1056 2006 historicos
1083 1940 1120 2006 de
1141 1940 1244 2005 Basilo
1271 1945 1301 2004 et
1323 1938 1458 2004 Antonio

334 2069 507 2146 narrantur,
538 2070 691 2129 auctorem
723 2066 824 2128 autem
854 2084 918 2127 non
941 2059 1099 2126 Caesarem
1126 2059 1178 2125 sed
1200 2058 1315 2125 Iulium
1338 2046 1458 2122 Celsum

168 2243 170 2247 .
250 2269 252 2274 ,
335 2184 483 2250 nominat.
529 2182 628 2248 Medii
651 2182 718 2248 aevi
741 2182 1026 2270 temporehomines
1042 2177 1456 2258 ineoerroreuersabantur,

248 2303 250 2310 ’
335 2310 369 2369 ut
392 2326 495 2370 omnes
518 2302 755 2382 Commentarii,
777 2325 840 2368 non
862 2326 880 2368 a
903 2301 1044 2381 Caesare,
1069 2299 1244 2366 sedaIulio
1255 2297 1342 2364 Celso
1355 2296 1458 2383 scripti

336 2429 436 2490 essent
447 2423 672 2489 arbitrarentur.
703 2419 876 2488 Verisimile
892 2421 1067 2509 igiturest,
1088 2441 1157 2484 eum
1183 2418 1236 2503 qui
1259 2417 1291 2482 in
1302 2417 1458 2483 Lucanum

337 2543 459 2608 Scholia
481 2543 707 2630 conscripserit,
731 2540 784 2606 nbi
806 2541 879 2606 Iulii
904 2539 983 2606 Celsi
994 2539 1200 2605 testimonium
1214 2537 1333 2617 afferat,
1353 2535 1458 2600 Caesa-

338 2686 400 2729 rem
430 2669 501 2729 aute
528 2662 631 2728 oculos
656 2660 807 2727 habuisse.
863 2659 954 2742 Quod
983 2659 1042 2725 hac
1072 2680 1194 2744 quoque
1221 2657 1254 2722 iu
1284 2678 1318 2723 re
1347 2655 1458 2721 factum

339 2805 402 2849 esse
424 2781 511 2848 facile
534 2781 693 2847 credimus.

382 2902 499 2968 Bellum
533 2901 566 2966 in
601 2901 703 2966 Africa
736 2906 855 2987 gestum
887 2899 920 2963 iu
955 2898 1061 2972 ultima
1093 2896 1162 2962 libri
1191 2901 1276 2983 parte
1306 2899 1460 2960 tractatur.

341 3021 503 3090 Curionem
538 3045 556 3087 a
582 3021 706 3087 Caesare
735 3020 769 3084 in
799 3017 954 3098 Siciliam,
986 3017 1094 3082 deinde
1125 3016 1157 3080 in
1180 3015 1314 3080 Africam
1337 3015 1460 3079 missum

342 3165 405 3208 esse
434 3143 495 3207 iam
529 3140 671 3206 vidimus.
717 3139 794 3203 Eum
824 3137 857 3204 iu
888 3137 1031 3222 antiquae
1053 3134 1245 3222 Carthaginis
1266 3156 1338 3221 agro
1361 3155 1462 3198 conse·

342 3262 420 3328 disse
450 3260 515 3348 ipse
537 3259 648 3325 Caesar
670 3264 770 3324 umrat
789 3258 834 3342 1),
869 3278 964 3341 quum
988 3255 1063 3320 dicit
1085 3253 1246 3320 Curionem
1269 3253 1308 3318 ad
1330 3275 1398 3318 eum
1420 3252 1462 3317 lo·

342 3403 412 3447 oum
434 3378 596 3466 adpulsum
614 3400 695 3460 esse,
719 3376 773 3462 qui
792 3375 974 3461 Anquilaria
991 3374 1168 3461 appellatur.
1212 3373 1245 3438 Is
1256 3372 1340 3437 locus
1352 3371 1463 3436 dicitur

343 3523 361 3566 a
382 3500 506 3567 Lucano
529 3497 649 3563 vicinus
668 3496 761 3564 fuisse
779 3495 892 3560 Antaei
911 3493 1085 3580 sepulchro,
1106 3493 1226 3578 antiqui
1243 3491 1357 3577 Libyae
1368 3490 1462 3578 regis,

252 3685 255 3697 ,
343 3620 426 3706 quod
448 3625 549 3686 tamen
571 3617 720 3685 Gabinius
743 3615 824 3703 apud
846 3613 1021 3678 Strabonem
1045 3615 1071 3700 ²)
1093 3634 1186 3700 prope
1208 3610 1321 3697 'liugin
1342 3610 1461 3696 posuit:

345 3761 442 3826 quum
464 3739 587 3806 Lucano
604 3741 682 3803 teste
711 3757 805 3823 prope
823 3733 945 3799 Uticam
962 3733 1055 3798 situm
1080 3738 1168 3798 esset.
1202 3729 1383 3810 Farnobius,
1403 3750 1463 3794 rna·

330 3987 537 4000 *ι

379 4150 401 4220 ¹)
419 4145 494 4203 Caes.
512 4145 544 4202 B.
562 4144 592 4201 C.
610 4143 649 4201 II.
669 4143 712 4200 28.

378 4235 401 4308 ²)
419 4231 516 4291 Strabo
533 4229 628 4304 (iacgr.
646 4227 740 4286 XVII.
758 4229 783 4285 t.
