3308 5138
748 446 788 508 83

207 651 337 734 tributa,
369 651 438 717 talis
478 651 613 716 habenda
651 657 713 731 est,
752 651 849 736 qualis
887 673 947 716 non
982 649 1020 716 ab
1053 651 1149 717 amico
1183 651 1320 732 daretur,

208 771 279 855 qnia
316 794 386 838 eum
415 795 476 837 non
506 771 622 838 felicem
650 769 803 857 praedicat
832 793 886 858 pro
917 769 1015 856 patria
1045 771 1238 852 morientem,
1268 769 1321 836 sed

205 891 310 976 potius
344 891 548 957 misericordia
588 913 722 956 errorum
756 897 904 973 movetur.
960 889 1092 956 Proinde
1130 913 1165 957 eo
1202 890 1322 956 facilius

207 1009 401 1092 coniicimns,
425 1009 580 1075 Lucanum
603 1029 639 1074 ex
668 1009 812 1096 scriptore
840 1008 997 1090 sumsisse,
1022 1009 1075 1096 qui
1094 1009 1228 1097 partibus
1250 1011 1323 1077 an-

205 1129 280 1194 saris
309 1153 371 1194 non
399 1129 530 1210 faveret,
562 1151 659 1213 neque
677 1128 772 1215 igitur
795 1151 863 1194 eum
886 1152 923 1194 ex
946 1127 1069 1197 Caesare
1093 1129 1161 1216 ipso
1183 1129 1321 1217 petiisse,

206 1270 337 1332 quocum
372 1253 402 1312 et
435 1247 494 1312 Dio
529 1247 650 1332 quidem
686 1252 717 1311 et
750 1247 892 1312 Lucanus
916 1247 1129 1328 consentiunt,
1163 1247 1223 1313 nisi
1245 1249 1322 1314 veri·

205 1365 303 1431 simile
325 1372 420 1446 esset,
441 1371 559 1452 poetam
586 1365 667 1430 hunc
689 1366 761 1430 libri
784 1367 873 1433 finem
896 1367 933 1432 de
956 1390 1010 1433 suo
1034 1367 1200 1448 addidisse,
1224 1390 1321 1453 neque

205 1484 422 1570 huncquoque
444 1483 579 1564 laudem,
603 1484 718 1551 infelici
735 1485 799 1550 viro
819 1486 978 1568 tributam,
1002 1509 1038 1552 ex
1055 1491 1175 1551 auctore
1193 1485 1322 1571 quodam

204 1605 348 1671 hausisse.
377 1604 521 1669 Nostram
544 1609 644 1670 autem
656 1603 843 1691 opinionem,
862 1605 1106 1686 noncaesarem,
1130 1588 1182 1671 sed
1197 1605 1320 1672 Livium

204 1723 233 1788 ei
254 1723 370 1788 fontem
391 1723 500 1805 fuisse,
536 1729 566 1789 et
598 1725 656 1789 hoo
690 1730 805 1806 tuetur,
839 1725 969 1792 Dionem
1003 1732 1033 1790 et
1064 1725 1221 1790 Lucanum
1249 1749 1322 1812 pau·

205 1841 334 1907 cissimis
352 1849 471 1910 tantum
494 1843 531 1908 de
550 1845 638 1908 Attio
661 1845 741 1910 Varo
761 1845 873 1931 egisse3
898 1867 988 1932 quem
1015 1845 1121 1910 Caesar
1141 1829 1321 1935 copiose-'de

205 1984 240 2026 eo
274 1961 399 2043 referat,
430 1962 590 2062 verisimile
624 1969 669 2028 est
699 1985 750 2029 eos
779 1963 933 2030 Caesarem
956 1970 1074 2030 secutos
1104 1963 1243 2050 pluribus
1272 1964 1322 2029 de·

205 2079 371 2166 scripturos
400 2081 493 2147 fuisse
522 2103 569 2146 res
602 2088 707 2146 contra
732 2081 846 2148 Varum
869 2088 979 2170 gestas.
1024 2083 1124 2148 Etiam
1150 2083 1269 2149 Florum
1293 2089 1325 2148 et

206 2199 364 2282 Orosium,
388 2223 458 2265 cum
479 2201 562 2267 Livii
584 2201 730 2267 Periocha
741 2201 799 2268 CX
817 2203 1049 2285 eonsentientes,
1067 2202 1145 2268 hanc
1155 2225 1217 2268 rem
1229 2201 1324 2268 obiter

205 2319 343 2406 attigisse
364 2319 510 2388 videmus.
1061 2297 1062 2300 Ἴ

250 2437 424 2524 Appianas,
450 2437 535 2504 ouius
558 2439 717 2526 descriptio
741 2441 845 2506 vivida
867 2446 958 2526 atque
980 2441 1111 2507 animata
1133 2463 1188 2508 nos
1218 2442 1252 2508 in
1274 2464 1324 2509 su·

206 2557 370 2644 spicionem
385 2557 514 2638 inducit,
534 2579 603 2624 eum
616 2559 716 2625 Asinii
728 2559 873 2626 Pollionis
888 2582 962 2646 opus
974 2559 1150 2646 inspexisse,
1161 2561 1209 2626 vel
1222 2562 1324 2648 potius

207 2677 310 2743 sedulo
333 2677 438 2743 eodem
458 2699 547 2742 usum
566 2701 646 2760 esse,
669 2678 799 2743 nimium
816 2703 834 2744 a
851 2678 951 2744 Dione
970 2685 1060 2764 atquc
1075 2680 1198 2746 Lucano
1217 2679 1324 2746 disere·

207 2803 274 2884 pat,
296 2819 386 2881 quam
405 2803 440 2862 ut
461 2803 601 2883 putemus
621 2819 690 2863 eum
713 2820 750 2862 ex
772 2788 862 2862 Livio
879 2797 1031 2864 sumsisse.
1065 2798 1240 2885 Appianum
1262 2822 1324 2864 sae·

207 2917 275 3004 pius
288 2917 380 2982 etiam
392 2915 532 2982 Asinium
543 2915 711 2982 Pollionem
722 2922 860 2983 secutum
873 2939 937 2981 esse
949 2939 983 2982 ea
998 2938 1119 3002 quoque
1131 2939 1185 2982 nos
1197 2918 1321 3001 docent,

209 3059 285 3122 quae
308 3035 345 3101 de
366 3035 490 3101 Caesare
513 3035 698 3101 Rubiconem
722 3041 896 3100 transeunte
914 3034 1014 3101 refert.
1047 3036 1184 3102 Fortasse
1199 3037 1324 3103 Asinius

208 3155 304 3221 Pollio
333 3155 366 3220 in
396 3155 528 3220 historiis
558 3154 619 3219 suis
649 3153 789 3240 inprimis
817 3153 853 3218 de
885 3153 923 3218 iis
957 3152 1044 3218 rebus
1066 3160 1181 3240 egerat,
1214 3155 1324 3240 quibus

207 3274 272 3362 ipse
300 3295 440 3360 praesens
472 3273 613 3354 affuerat,
645 3295 739 3358 eaque
762 3256 896 3338 'fortasse
919 3294 1008 3338 causa
1028 3272 1166 3338 habenda
1188 3281 1246 3357 est,
1271 3299 1324 3342 cur

209 3393 366 3480 Appianas
387 3392 498 3458 bellum
519 3415 586 3458 cum
610 3392 736 3458 Afranio
748 3398 779 3458 et
789 3391 907 3458 Petreio
918 3391 1027 3458 leviten
1037 3398 1157 3462 tantum
1175 3394 1306 3482 attingat
1313 3445 1323 3477 ,

210 3510 704 3598 dequeVaronedevictoomnino
727 3517 840 3594 taceat,
865 3511 1008 3598 aquibus
1031 3513 1117 3582 rebus
1140 3514 1233 3601 gestis
1257 3515 1325 3582 Asi·

208 3632 279 3698 nius
300 3629 400 3696 Pollio
422 3630 564 3713 afuisset,
588 3653 724 3718 quasque
745 3631 814 3698 ideo
838 3630 936 3698 obiter
957 3637 1075 3696 tantum
1098 3633 1313 3721 descripsisset.
