<?xml version="1.0" encoding="UTF-8"?>
<!DOCTYPE html PUBLIC "-//W3C//DTD XHTML 1.0 Transitional//EN"
    "http://www.w3.org/TR/xhtml1/DTD/xhtml1-transitional.dtd">
<html xmlns="http://www.w3.org/1999/xhtml" xml:lang="en" lang="en">
 <head>
  <title>
</title>
<meta http-equiv="Content-Type" content="text/html;charset=utf-8" />
  <meta name='ocr-system' content='tesseract 3.04.00' />
  <meta name='ocr-capabilities' content='ocr_page ocr_carea ocr_par ocr_line ocrx_word'/>
</head>
<body>
  <div class='ocr_page' id='page_1' title='image "./delucanifontibu00singgoog_0161.png"; bbox 0 0 3308 5138; ppageno 0'>
   <div class='ocr_carea' id='block_1_1' title="bbox 828 407 889 472">
    <p class='ocr_par' dir='ltr' id='par_1_1' title="bbox 828 407 889 472">
     <span class='ocr_line' id='line_1_1' title="bbox 828 407 889 472; baseline 0.033 -2"><span class='ocrx_word' id='word_1_1' title='bbox 828 407 889 472; x_wconf 78' lang='grc'><strong>150</strong></span> 
     </span>
    </p>
   </div>
   <div class='ocr_carea' id='block_1_2' title="bbox 270 612 1499 3091">
    <p class='ocr_par' dir='ltr' id='par_1_2' title="bbox 298 612 1416 798">
     <span class='ocr_line' id='line_1_2' title="bbox 298 612 1416 703; baseline 0.005 -25"><span class='ocrx_word' id='word_1_2' title='bbox 298 613 403 678; x_wconf 91' lang='lat' dir='ltr'>demus</span> <span class='ocrx_word' id='word_1_3' title='bbox 424 613 597 694; x_wconf 85' lang='lat' dir='ltr'>Lucanum,</span> <span class='ocrx_word' id='word_1_4' title='bbox 619 613 672 699; x_wconf 91' lang='lat' dir='ltr'>qui</span> <span class='ocrx_word' id='word_1_5' title='bbox 697 635 766 679; x_wconf 89' lang='lat' dir='ltr'>cum</span> <span class='ocrx_word' id='word_1_6' title='bbox 778 612 926 680; x_wconf 88' lang='lat' dir='ltr'>ambobus</span> <span class='ocrx_word' id='word_1_7' title='bbox 938 619 1103 702; x_wconf 85' lang='lat' dir='ltr'>congruat,</span> <span class='ocrx_word' id='word_1_8' title='bbox 1116 615 1336 703; x_wconf 87' lang='lat' dir='ltr'>Liviiquoque</span> <span class='ocrx_word' id='word_1_9' title='bbox 1347 641 1416 684; x_wconf 89' lang='lat' dir='ltr'>auo·</span> 
     </span>
     <span class='ocr_line' id='line_1_3' title="bbox 301 731 643 798; baseline 0.003 -2"><span class='ocrx_word' id='word_1_10' title='bbox 301 731 424 797; x_wconf 85' lang='lat' dir='ltr'>toritate</span> <span class='ocrx_word' id='word_1_11' title='bbox 447 754 534 798; x_wconf 89' lang='lat' dir='ltr'>usum</span> <span class='ocrx_word' id='word_1_12' title='bbox 558 732 643 797; x_wconf 76' lang='lat' dir='ltr'>esse?</span> 
     </span>
    </p>

    <p class='ocr_par' dir='ltr' id='par_1_3' title="bbox 270 849 1499 3091">
     <span class='ocr_line' id='line_1_4' title="bbox 344 849 1417 942; baseline 0.007 -27"><span class='ocrx_word' id='word_1_13' title='bbox 344 849 384 916; x_wconf 92' lang='lat' dir='ltr'>In</span> <span class='ocrx_word' id='word_1_14' title='bbox 405 850 599 936; x_wconf 87' lang='lat' dir='ltr'>sequentibus</span> <span class='ocrx_word' id='word_1_15' title='bbox 616 849 757 916; x_wconf 84' lang='lat' dir='ltr'>Lucanus</span> <span class='ocrx_word' id='word_1_16' title='bbox 776 873 845 917; x_wconf 91' lang='lat' dir='ltr'>cnm</span> <span class='ocrx_word' id='word_1_17' title='bbox 863 851 986 918; x_wconf 79' lang='lat' dir='ltr'>Caesare</span> <span class='ocrx_word' id='word_1_18' title='bbox 1004 874 1126 939; x_wconf 89' lang='lat' dir='ltr'>quoque</span> <span class='ocrx_word' id='word_1_19' title='bbox 1144 856 1311 937; x_wconf 75' lang='lat' dir='ltr'><strong>consentit,</strong></span> <span class='ocrx_word' id='word_1_20' title='bbox 1335 858 1417 942; x_wconf 93' lang='lat' dir='ltr'>quod</span> 
     </span>
     <span class='ocr_line' id='line_1_5' title="bbox 301 956 1416 1061; baseline 0.004 -24"><span class='ocrx_word' id='word_1_21' title='bbox 301 969 341 1037; x_wconf 91' lang='lat' dir='ltr'>ad</span> <span class='ocrx_word' id='word_1_22' title='bbox 367 992 515 1036; x_wconf 86' lang='lat' dir='ltr'>summam</span> <span class='ocrx_word' id='word_1_23' title='bbox 547 969 669 1056; x_wconf 88' lang='lat' dir='ltr'>quidem</span> <span class='ocrx_word' id='word_1_24' title='bbox 689 971 733 1036; x_wconf 91' lang='lat' dir='ltr'>rei</span> <span class='ocrx_word' id='word_1_25' title='bbox 756 970 875 1037; x_wconf 78' lang='lat' dir='ltr'><strong>attinet.</strong></span> <span class='ocrx_word' id='word_1_26' title='bbox 921 956 1058 1037; x_wconf 78' lang='lat' dir='ltr'><strong>Achillae</strong></span> <span class='ocrx_word' id='word_1_27' title='bbox 1081 973 1181 1059; x_wconf 92' lang='lat' dir='ltr'>copias</span> <span class='ocrx_word' id='word_1_28' title='bbox 1204 975 1295 1040; x_wconf 87' lang='lat' dir='ltr'>fuisse</span> <span class='ocrx_word' id='word_1_29' title='bbox 1318 998 1416 1061; x_wconf 91' lang='lat' dir='ltr'>neque</span> 
     </span>
     <span class='ocr_line' id='line_1_6' title="bbox 302 1089 1417 1177; baseline 0.004 -22"><span class='ocrx_word' id='word_1_30' title='bbox 302 1111 442 1172; x_wconf 89' lang='lat' dir='ltr'>numero,</span> <span class='ocrx_word' id='word_1_31' title='bbox 473 1111 570 1175; x_wconf 90' lang='lat' dir='ltr'>neque</span> <span class='ocrx_word' id='word_1_32' title='bbox 595 1112 702 1177; x_wconf 82' lang='lat' dir='ltr'>genere</span> <span class='ocrx_word' id='word_1_33' title='bbox 723 1089 899 1171; x_wconf 90' lang='lat' dir='ltr'>hominnm,</span> <span class='ocrx_word' id='word_1_34' title='bbox 923 1111 1020 1174; x_wconf 89' lang='lat' dir='ltr'>neque</span> <span class='ocrx_word' id='word_1_35' title='bbox 1044 1113 1101 1156; x_wconf 91' lang='lat' dir='ltr'>usu</span> <span class='ocrx_word' id='word_1_36' title='bbox 1120 1092 1164 1157; x_wconf 91' lang='lat' dir='ltr'>rei</span> <span class='ocrx_word' id='word_1_37' title='bbox 1186 1092 1325 1158; x_wconf 88' lang='lat' dir='ltr'>militaris</span> <span class='ocrx_word' id='word_1_38' title='bbox 1348 1117 1417 1160; x_wconf 89' lang='lat' dir='ltr'>con·</span> 
     </span>
     <span class='ocr_line' id='line_1_7' title="bbox 301 1206 1416 1296; baseline 0.004 -23"><span class='ocrx_word' id='word_1_39' title='bbox 301 1206 476 1274; x_wconf 78' lang='lat' dir='ltr'>temnendae</span> <span class='ocrx_word' id='word_1_40' title='bbox 506 1208 585 1294; x_wconf 91' lang='lat' dir='ltr'>apud</span> <span class='ocrx_word' id='word_1_41' title='bbox 614 1207 769 1274; x_wconf 80' lang='lat' dir='ltr'>Caesarem</span> <span class='ocrx_word' id='word_1_42' title='bbox 799 1208 937 1296; x_wconf 86' lang='lat' dir='ltr'>legimus.</span> <span class='ocrx_word' id='word_1_43' title='bbox 984 1208 1061 1274; x_wconf 88' lang='lat' dir='ltr'>Vera</span> <span class='ocrx_word' id='word_1_44' title='bbox 1085 1209 1227 1276; x_wconf 82' lang='lat' dir='ltr'>Lucanus</span> <span class='ocrx_word' id='word_1_45' title='bbox 1245 1211 1337 1293; x_wconf 90' lang='lat' dir='ltr'>dicit,</span> <span class='ocrx_word' id='word_1_46' title='bbox 1361 1214 1416 1280; x_wconf 90' lang='lat' dir='ltr'>ubi</span> 
     </span>
     <span class='ocr_line' id='line_1_8' title="bbox 302 1320 1417 1414; baseline 0.004 -22"><span class='ocrx_word' id='word_1_47' title='bbox 302 1326 439 1392; x_wconf 85' lang='lat' dir='ltr'>Achillae</span> <span class='ocrx_word' id='word_1_48' title='bbox 462 1327 571 1393; x_wconf 86' lang='lat' dir='ltr'>milites</span> <span class='ocrx_word' id='word_1_49' title='bbox 595 1327 733 1408; x_wconf 53' lang='lat' dir='ltr'>“Latiam</span> <span class='ocrx_word' id='word_1_50' title='bbox 756 1324 893 1414; x_wconf 89' lang='lat' dir='ltr'>plebem’&#39;</span> <span class='ocrx_word' id='word_1_51' title='bbox 918 1327 1011 1392; x_wconf 84' lang='lat' dir='ltr'>luisse</span> <span class='ocrx_word' id='word_1_52' title='bbox 1023 1328 1123 1395; x_wconf 83' lang='lat' dir='ltr'>refert.</span> <span class='ocrx_word' id='word_1_53' title='bbox 1147 1320 1417 1398; x_wconf 85' lang='lat' dir='ltr'>ErantGabiniani</span> 
     </span>
     <span class='ocr_line' id='line_1_9' title="bbox 300 1444 1417 1534; baseline 0.004 -23"><span class='ocrx_word' id='word_1_54' title='bbox 300 1444 411 1511; x_wconf 88' lang='lat' dir='ltr'>milites</span> <span class='ocrx_word' id='word_1_55' title='bbox 436 1446 528 1531; x_wconf 92' lang='lat' dir='ltr'>(quod</span> <span class='ocrx_word' id='word_1_56' title='bbox 550 1452 579 1512; x_wconf 91' lang='lat' dir='ltr'>et</span> <span class='ocrx_word' id='word_1_57' title='bbox 603 1446 712 1513; x_wconf 80' lang='lat' dir='ltr'>Florus</span> <span class='ocrx_word' id='word_1_58' title='bbox 731 1446 805 1534; x_wconf 88' lang='lat' dir='ltr'>ipsis</span> <span class='ocrx_word' id='word_1_59' title='bbox 826 1445 923 1512; x_wconf 82' lang='lat' dir='ltr'>verbis</span> <span class='ocrx_word' id='word_1_60' title='bbox 936 1448 1123 1534; x_wconf 89' lang='lat' dir='ltr'>confirmat),</span> <span class='ocrx_word' id='word_1_61' title='bbox 1137 1449 1190 1533; x_wconf 90' lang='lat' dir='ltr'>qui</span> <span class='ocrx_word' id='word_1_62' title='bbox 1202 1471 1295 1534; x_wconf 91' lang='lat' dir='ltr'>quum</span> <span class='ocrx_word' id='word_1_63' title='bbox 1312 1450 1372 1515; x_wconf 89' lang='lat' dir='ltr'>iam</span> <span class='ocrx_word' id='word_1_64' title='bbox 1384 1451 1417 1516; x_wconf 94' lang='lat' dir='ltr'>in</span> 
     </span>
     <span class='ocr_line' id='line_1_10' title="bbox 303 1551 1499 1649; baseline 0.006 -20"><span class='ocrx_word' id='word_1_65' title='bbox 303 1564 552 1630; x_wconf 78' lang='lat' dir='ltr'>consuetudinem</span> <span class='ocrx_word' id='word_1_66' title='bbox 575 1565 795 1632; x_wconf 85' lang='lat' dir='ltr'>Alexandrinae</span> <span class='ocrx_word' id='word_1_67' title='bbox 814 1567 893 1632; x_wconf 86' lang='lat' dir='ltr'>vitae</span> <span class='ocrx_word' id='word_1_68' title='bbox 911 1588 946 1631; x_wconf 92' lang='lat' dir='ltr'>ac</span> <span class='ocrx_word' id='word_1_69' title='bbox 967 1565 1107 1632; x_wconf 84' lang='lat' dir='ltr'>licentiae</span> <span class='ocrx_word' id='word_1_70' title='bbox 1127 1567 1293 1649; x_wconf 85' lang='lat' dir='ltr'>venissent,</span> <span class='ocrx_word' id='word_1_71' title='bbox 1305 1592 1417 1635; x_wconf 92' lang='lat' dir='ltr'>nomen</span> <span class='ocrx_word' id='word_1_72' title='bbox 1496 1551 1499 1558; x_wconf 32' lang='lat'><strong>⁴</strong></span> 
     </span>
     <span class='ocr_line' id='line_1_11' title="bbox 301 1683 1417 1773; baseline 0.004 -23"><span class='ocrx_word' id='word_1_73' title='bbox 301 1683 552 1771; x_wconf 81' lang='lat' dir='ltr'>disciplinamque</span> <span class='ocrx_word' id='word_1_74' title='bbox 584 1686 692 1773; x_wconf 89' lang='lat' dir='ltr'>populi</span> <span class='ocrx_word' id='word_1_75' title='bbox 725 1686 851 1752; x_wconf 84' lang='lat' dir='ltr'>Romani</span> <span class='ocrx_word' id='word_1_76' title='bbox 876 1686 1090 1754; x_wconf 86' lang='lat' dir='ltr'>dedidicerant.</span> <span class='ocrx_word' id='word_1_77' title='bbox 1133 1687 1199 1752; x_wconf 91' lang='lat' dir='ltr'>Hos</span> <span class='ocrx_word' id='word_1_78' title='bbox 1223 1688 1334 1754; x_wconf 82' lang='lat' dir='ltr'>milites</span> <span class='ocrx_word' id='word_1_79' title='bbox 1356 1687 1417 1755; x_wconf 86' lang='lat' dir='ltr'>Ga·</span> 
     </span>
     <span class='ocr_line' id='line_1_12' title="bbox 302 1803 1417 1894; baseline 0.002 -24"><span class='ocrx_word' id='word_1_80' title='bbox 302 1803 419 1885; x_wconf 90' lang='lat' dir='ltr'>binius,</span> <span class='ocrx_word' id='word_1_81' title='bbox 441 1827 535 1890; x_wconf 91' lang='lat' dir='ltr'>quum</span> <span class='ocrx_word' id='word_1_82' title='bbox 559 1811 662 1871; x_wconf 92' lang='lat' dir='ltr'>contra</span> <span class='ocrx_word' id='word_1_83' title='bbox 684 1805 828 1871; x_wconf 91' lang='lat' dir='ltr'>librorum</span> <span class='ocrx_word' id='word_1_84' title='bbox 851 1805 1061 1892; x_wconf 82' lang='lat' dir='ltr'>Sibyllinorum</span> <span class='ocrx_word' id='word_1_85' title='bbox 1085 1806 1293 1871; x_wconf 88' lang='lat' dir='ltr'>auctoritatem</span> <span class='ocrx_word' id='word_1_86' title='bbox 1316 1829 1417 1894; x_wconf 88' lang='lat' dir='ltr'>regem</span> 
     </span>
     <span class='ocr_line' id='line_1_13' title="bbox 300 1921 1400 2010; baseline 0.005 -23"><span class='ocrx_word' id='word_1_87' title='bbox 300 1921 504 1990; x_wconf 91' lang='lat' dir='ltr'>Plolemaeam</span> <span class='ocrx_word' id='word_1_88' title='bbox 538 1922 677 1990; x_wconf 88' lang='lat' dir='ltr'>Auletem</span> <span class='ocrx_word' id='word_1_89' title='bbox 711 1924 912 2004; x_wconf 89' lang='lat' dir='ltr'>restituisset,</span> <span class='ocrx_word' id='word_1_90' title='bbox 938 1923 1053 2010; x_wconf 79' lang='lat' dir='ltr'>(Moru</span> <span class='ocrx_word' id='word_1_91' title='bbox 1074 1925 1115 1990; x_wconf 89' lang='lat' dir='ltr'>U.</span> <span class='ocrx_word' id='word_1_92' title='bbox 1140 1947 1183 2004; x_wconf 92' lang='lat' dir='ltr'>c.‚</span> <span class='ocrx_word' id='word_1_93' title='bbox 1208 1927 1247 1989; x_wconf 82' lang='lat'>55</span> <span class='ocrx_word' id='word_1_94' title='bbox 1269 1949 1296 1990; x_wconf 90' lang='lat' dir='ltr'>a.</span> <span class='ocrx_word' id='word_1_95' title='bbox 1315 1926 1350 1992; x_wconf 85' lang='lat' dir='ltr'>O.</span> <span class='ocrx_word' id='word_1_96' title='bbox 1369 1949 1400 1993; x_wconf 92' lang='lat' dir='ltr'>n.</span> 
     </span>
     <span class='ocr_line' id='line_1_14' title="bbox 301 2041 1417 2131; baseline 0 -23"><span class='ocrx_word' id='word_1_97' title='bbox 301 2041 378 2110; x_wconf 91' lang='lat' dir='ltr'>bello</span> <span class='ocrx_word' id='word_1_98' title='bbox 413 2044 548 2110; x_wconf 85' lang='lat' dir='ltr'>conlecto</span> <span class='ocrx_word' id='word_1_99' title='bbox 581 2044 661 2130; x_wconf 92' lang='lat' dir='ltr'>apud</span> <span class='ocrx_word' id='word_1_100' title='bbox 683 2066 783 2131; x_wconf 82' lang='lat' dir='ltr'>regem</span> <span class='ocrx_word' id='word_1_101' title='bbox 806 2043 966 2130; x_wconf 87' lang='lat' dir='ltr'>reliquerat</span> <span class='ocrx_word' id='word_1_102' title='bbox 989 2045 1026 2129; x_wconf 73' lang='lat'>²).</span> <span class='ocrx_word' id='word_1_103' title='bbox 1073 2043 1320 2109; x_wconf 84' lang='lat' dir='ltr'>Inveteravcrant</span> <span class='ocrx_word' id='word_1_104' title='bbox 1354 2067 1417 2111; x_wconf 92' lang='lat' dir='ltr'>om-</span> 
     </span>
     <span class='ocr_line' id='line_1_15' title="bbox 303 2161 1418 2248; baseline 0 -20"><span class='ocrx_word' id='word_1_105' title='bbox 303 2185 356 2228; x_wconf 88' lang='lat' dir='ltr'>nes</span> <span class='ocrx_word' id='word_1_106' title='bbox 390 2161 594 2248; x_wconf 88' lang='lat' dir='ltr'>compluribus</span> <span class='ocrx_word' id='word_1_107' title='bbox 628 2162 824 2228; x_wconf 83' lang='lat' dir='ltr'>Alexandriae</span> <span class='ocrx_word' id='word_1_108' title='bbox 858 2161 962 2242; x_wconf 90' lang='lat' dir='ltr'>bellis;</span> <span class='ocrx_word' id='word_1_109' title='bbox 1000 2184 1088 2227; x_wconf 91' lang='lat' dir='ltr'>usum</span> <span class='ocrx_word' id='word_1_110' title='bbox 1125 2163 1221 2248; x_wconf 87' lang='lat' dir='ltr'>igitur</span> <span class='ocrx_word' id='word_1_111' title='bbox 1261 2163 1305 2228; x_wconf 91' lang='lat' dir='ltr'>rei</span> <span class='ocrx_word' id='word_1_112' title='bbox 1337 2163 1418 2228; x_wconf 91' lang='lat' dir='ltr'>mili·</span> 
     </span>
     <span class='ocr_line' id='line_1_16' title="bbox 303 2279 1419 2368; baseline 0 -21"><span class='ocrx_word' id='word_1_113' title='bbox 303 2281 376 2347; x_wconf 86' lang='lat' dir='ltr'>teris</span> <span class='ocrx_word' id='word_1_114' title='bbox 394 2289 395 2294; x_wconf 75' lang='grc'>’</span> <span class='ocrx_word' id='word_1_115' title='bbox 416 2281 574 2348; x_wconf 88' lang='lat' dir='ltr'>habebant.</span> <span class='ocrx_word' id='word_1_116' title='bbox 624 2281 669 2346; x_wconf 89' lang='lat' dir='ltr'>Iis</span> <span class='ocrx_word' id='word_1_117' title='bbox 699 2281 793 2368; x_wconf 89' lang='lat' dir='ltr'>copiis</span> <span class='ocrx_word' id='word_1_118' title='bbox 823 2281 895 2346; x_wconf 91' lang='lat' dir='ltr'>fisus</span> <span class='ocrx_word' id='word_1_119' title='bbox 930 2279 1062 2346; x_wconf 90' lang='lat' dir='ltr'>Achillas</span> <span class='ocrx_word' id='word_1_120' title='bbox 1095 2280 1251 2347; x_wconf 82' lang='lat' dir='ltr'>Gaesarem</span> <span class='ocrx_word' id='word_1_121' title='bbox 1285 2281 1317 2346; x_wconf 93' lang='lat' dir='ltr'>in</span> <span class='ocrx_word' id='word_1_122' title='bbox 1351 2305 1419 2347; x_wconf 91' lang='lat' dir='ltr'>arce</span> 
     </span>
     <span class='ocr_line' id='line_1_17' title="bbox 303 2399 1417 2489; baseline -0.001 -23"><span class='ocrx_word' id='word_1_123' title='bbox 303 2401 501 2489; x_wconf 83' lang='lat' dir='ltr'>oppugnavit.</span> <span class='ocrx_word' id='word_1_124' title='bbox 530 2400 700 2488; x_wconf 82' lang='lat' dir='ltr'>Occuparet</span> <span class='ocrx_word' id='word_1_125' title='bbox 722 2400 801 2466; x_wconf 92' lang='lat' dir='ltr'>enim</span> <span class='ocrx_word' id='word_1_126' title='bbox 825 2399 928 2465; x_wconf 90' lang='lat' dir='ltr'>urbem</span> <span class='ocrx_word' id='word_1_127' title='bbox 952 2405 1048 2464; x_wconf 87' lang='lat' dir='ltr'>totam</span> <span class='ocrx_word' id='word_1_128' title='bbox 1069 2406 1185 2486; x_wconf 86' lang='lat' dir='ltr'>practer</span> <span class='ocrx_word' id='word_1_129' title='bbox 1203 2406 1417 2487; x_wconf 86' lang='lat' dir='ltr'>campartem,</span> 
     </span>
     <span class='ocr_line' id='line_1_18' title="bbox 302 2518 1419 2608; baseline -0.002 -22"><span class='ocrx_word' id='word_1_130' title='bbox 302 2543 392 2608; x_wconf 91' lang='lat' dir='ltr'>quam</span> <span class='ocrx_word' id='word_1_131' title='bbox 415 2522 525 2586; x_wconf 84' lang='lat' dir='ltr'>Cacsar</span> <span class='ocrx_word' id='word_1_132' title='bbox 547 2543 616 2587; x_wconf 90' lang='lat' dir='ltr'>oum</span> <span class='ocrx_word' id='word_1_133' title='bbox 639 2519 785 2585; x_wconf 89' lang='lat' dir='ltr'>militibus</span> <span class='ocrx_word' id='word_1_134' title='bbox 806 2518 943 2599; x_wconf 79' lang='lat' dir='ltr'>tenebat3</span> <span class='ocrx_word' id='word_1_135' title='bbox 966 2541 1037 2584; x_wconf 89' lang='lat' dir='ltr'>nam</span> <span class='ocrx_word' id='word_1_136' title='bbox 1060 2519 1086 2584; x_wconf 87' lang='lat' dir='ltr'>is</span> <span class='ocrx_word' id='word_1_137' title='bbox 1109 2518 1263 2605; x_wconf 87' lang='lat' dir='ltr'>dispositis</span> <span class='ocrx_word' id='word_1_138' title='bbox 1282 2541 1335 2606; x_wconf 92' lang='lat' dir='ltr'>per</span> <span class='ocrx_word' id='word_1_139' title='bbox 1353 2519 1419 2584; x_wconf 86' lang='lat' dir='ltr'>vias</span> 
     </span>
     <span class='ocr_line' id='line_1_19' title="bbox 302 2638 1419 2727; baseline -0.003 -20"><span class='ocrx_word' id='word_1_140' title='bbox 302 2639 475 2707; x_wconf 88' lang='lat' dir='ltr'>cohortibus</span> <span class='ocrx_word' id='word_1_141' title='bbox 506 2641 652 2727; x_wconf 90' lang='lat' dir='ltr'>impetum</span> <span class='ocrx_word' id='word_1_142' title='bbox 678 2639 815 2704; x_wconf 87' lang='lat' dir='ltr'>Achillae</span> <span class='ocrx_word' id='word_1_143' title='bbox 846 2639 1000 2705; x_wconf 89' lang='lat' dir='ltr'>sustinuit.</span> <span class='ocrx_word' id='word_1_144' title='bbox 1047 2638 1143 2704; x_wconf 88' lang='lat' dir='ltr'>Simul</span> <span class='ocrx_word' id='word_1_145' title='bbox 1164 2638 1202 2704; x_wconf 91' lang='lat' dir='ltr'>ad</span> <span class='ocrx_word' id='word_1_146' title='bbox 1225 2646 1346 2726; x_wconf 88' lang='lat' dir='ltr'>portum</span> <span class='ocrx_word' id='word_1_147' title='bbox 1370 2647 1419 2704; x_wconf 90' lang='lat' dir='ltr'>est</span> 
     </span>
     <span class='ocr_line' id='line_1_20' title="bbox 270 2756 1418 2849; baseline -0.004 -22"><span class='ocrx_word' id='word_1_148' title='bbox 270 2771 272 2773; x_wconf 79' lang='grc'><strong>’</strong></span> <span class='ocrx_word' id='word_1_149' title='bbox 301 2765 487 2849; x_wconf 85' lang='lat' dir='ltr'>pugnatum:</span> <span class='ocrx_word' id='word_1_150' title='bbox 515 2757 607 2845; x_wconf 90' lang='lat' dir='ltr'>idque</span> <span class='ocrx_word' id='word_1_151' title='bbox 633 2764 717 2824; x_wconf 91' lang='lat' dir='ltr'>tanta</span> <span class='ocrx_word' id='word_1_152' title='bbox 739 2757 929 2823; x_wconf 89' lang='lat' dir='ltr'>contentione</span> <span class='ocrx_word' id='word_1_153' title='bbox 953 2763 1065 2842; x_wconf 89' lang='lat' dir='ltr'>quanta</span> <span class='ocrx_word' id='word_1_154' title='bbox 1087 2757 1217 2845; x_wconf 84' lang='lat' dir='ltr'>pugnari</span> <span class='ocrx_word' id='word_1_155' title='bbox 1239 2781 1317 2845; x_wconf 88' lang='lat' dir='ltr'>opus</span> <span class='ocrx_word' id='word_1_156' title='bbox 1339 2756 1418 2840; x_wconf 88' lang='lat' dir='ltr'>luit,</span> 
     </span>
     <span class='ocr_line' id='line_1_21' title="bbox 304 2874 1419 2966; baseline -0.004 -21"><span class='ocrx_word' id='word_1_157' title='bbox 304 2902 397 2966; x_wconf 93' lang='lat' dir='ltr'>quum</span> <span class='ocrx_word' id='word_1_158' title='bbox 427 2878 476 2944; x_wconf 92' lang='lat' dir='ltr'>ille</span> <span class='ocrx_word' id='word_1_159' title='bbox 506 2878 629 2944; x_wconf 85' lang='lat' dir='ltr'>celerem</span> <span class='ocrx_word' id='word_1_160' title='bbox 659 2877 691 2942; x_wconf 93' lang='lat' dir='ltr'>in</span> <span class='ocrx_word' id='word_1_161' title='bbox 721 2900 756 2942; x_wconf 90' lang='lat' dir='ltr'>ea</span> <span class='ocrx_word' id='word_1_162' title='bbox 781 2899 813 2942; x_wconf 90' lang='lat' dir='ltr'>re</span> <span class='ocrx_word' id='word_1_163' title='bbox 836 2875 1011 2956; x_wconf 88' lang='lat' dir='ltr'>victoriam,</span> <span class='ocrx_word' id='word_1_164' title='bbox 1032 2874 1065 2940; x_wconf 91' lang='lat' dir='ltr'>hi</span> <span class='ocrx_word' id='word_1_165' title='bbox 1089 2875 1217 2942; x_wconf 91' lang='lat' dir='ltr'>salutem</span> <span class='ocrx_word' id='word_1_166' title='bbox 1239 2899 1324 2941; x_wconf 90' lang='lat' dir='ltr'>snam</span> <span class='ocrx_word' id='word_1_167' title='bbox 1346 2899 1419 2942; x_wconf 86' lang='lat' dir='ltr'>con-</span> 
     </span>
     <span class='ocr_line' id='line_1_22' title="bbox 302 2995 1421 3091; baseline -0.004 -27"><span class='ocrx_word' id='word_1_168' title='bbox 302 2998 405 3064; x_wconf 85' lang='lat' dir='ltr'>sistere</span> <span class='ocrx_word' id='word_1_169' title='bbox 427 2997 609 3084; x_wconf 66' lang='lat' dir='ltr'>siderent8).</span> <span class='ocrx_word' id='word_1_170' title='bbox 645 2996 704 3062; x_wconf 86' lang='lat' dir='ltr'>Sed</span> <span class='ocrx_word' id='word_1_171' title='bbox 725 2996 833 3062; x_wconf 85' lang='lat' dir='ltr'>Caesar</span> <span class='ocrx_word' id='word_1_172' title='bbox 854 3017 953 3091; x_wconf 22' lang='lat' dir='ltr'>naves·</span> <span class='ocrx_word' id='word_1_173' title='bbox 966 2995 1058 3060; x_wconf 90' lang='lat' dir='ltr'>etiam</span> <span class='ocrx_word' id='word_1_174' title='bbox 1081 3017 1149 3076; x_wconf 90' lang='lat' dir='ltr'>eas,</span> <span class='ocrx_word' id='word_1_175' title='bbox 1173 3018 1249 3081; x_wconf 92' lang='lat' dir='ltr'>quae</span> <span class='ocrx_word' id='word_1_176' title='bbox 1272 2995 1303 3060; x_wconf 92' lang='lat' dir='ltr'>in</span> <span class='ocrx_word' id='word_1_177' title='bbox 1326 3018 1421 3061; x_wconf 85' lang='lat' dir='ltr'>nava·</span> 
     </span>
    </p>
   </div>
   <div class='ocr_carea' id='block_1_3' title="bbox 302 3112 1548 3196">
    <p class='ocr_par' dir='ltr' id='par_1_4' title="bbox 302 3112 1548 3196">
     <span class='ocr_line' id='line_1_23' title="bbox 302 3112 1548 3196; baseline -0.006 -13"><span class='ocrx_word' id='word_1_178' title='bbox 302 3117 383 3183; x_wconf 90' lang='lat' dir='ltr'>libus</span> <span class='ocrx_word' id='word_1_179' title='bbox 413 3115 576 3182; x_wconf 87' lang='lat' dir='ltr'>subductae</span> <span class='ocrx_word' id='word_1_180' title='bbox 606 3121 703 3196; x_wconf 89' lang='lat' dir='ltr'>erant,</span> <span class='ocrx_word' id='word_1_181' title='bbox 729 3113 864 3180; x_wconf 91' lang='lat' dir='ltr'>incendit</span> <span class='ocrx_word' id='word_1_182' title='bbox 886 3119 917 3179; x_wconf 91' lang='lat' dir='ltr'>et</span> <span class='ocrx_word' id='word_1_183' title='bbox 939 3113 1096 3179; x_wconf 83' lang='lat' dir='ltr'>confestim</span> <span class='ocrx_word' id='word_1_184' title='bbox 1119 3114 1157 3178; x_wconf 93' lang='lat' dir='ltr'>ad</span> <span class='ocrx_word' id='word_1_185' title='bbox 1179 3114 1311 3179; x_wconf 88' lang='lat' dir='ltr'>Pharum</span> <span class='ocrx_word' id='word_1_186' title='bbox 1335 3112 1420 3178; x_wconf 88' lang='lat' dir='ltr'>insu·</span> <span class='ocrx_word' id='word_1_187' title='bbox 1543 3169 1548 3175; x_wconf 91' lang='lat'>.</span> 
     </span>
    </p>
   </div>
   <div class='ocr_carea' id='block_1_4' title="bbox 302 3231 1420 3323">
    <p class='ocr_par' dir='ltr' id='par_1_5' title="bbox 302 3231 1420 3323">
     <span class='ocr_line' id='line_1_24' title="bbox 302 3231 1420 3323; baseline -0.001 -22"><span class='ocrx_word' id='word_1_188' title='bbox 302 3236 362 3301; x_wconf 93' lang='lat' dir='ltr'>lam</span> <span class='ocrx_word' id='word_1_189' title='bbox 376 3235 479 3323; x_wconf 85' lang='lat' dir='ltr'>portui</span> <span class='ocrx_word' id='word_1_190' title='bbox 498 3234 695 3300; x_wconf 82' lang='lat' dir='ltr'>Alexandriae</span> <span class='ocrx_word' id='word_1_191' title='bbox 717 3233 883 3315; x_wconf 88' lang='lat' dir='ltr'>obiectam,</span> <span class='ocrx_word' id='word_1_192' title='bbox 906 3255 997 3318; x_wconf 90' lang='lat' dir='ltr'>quam</span> <span class='ocrx_word' id='word_1_193' title='bbox 1015 3240 1228 3319; x_wconf 88' lang='lat' dir='ltr'>occupaverat,</span> <span class='ocrx_word' id='word_1_194' title='bbox 1245 3256 1276 3298; x_wconf 89' lang='lat' dir='ltr'>se</span> <span class='ocrx_word' id='word_1_195' title='bbox 1293 3231 1420 3318; x_wconf 88' lang='lat' dir='ltr'>recepit.</span> 
     </span>
    </p>
   </div>
   <div class='ocr_carea' id='block_1_5' title="bbox 301 3351 1421 3798">
    <p class='ocr_par' dir='ltr' id='par_1_6' title="bbox 301 3351 1421 3798">
     <span class='ocr_line' id='line_1_25' title="bbox 301 3351 1421 3440; baseline -0.004 -20"><span class='ocrx_word' id='word_1_196' title='bbox 301 3354 439 3440; x_wconf 82' lang='lat' dir='ltr'>Reliquis</span> <span class='ocrx_word' id='word_1_197' title='bbox 463 3374 582 3438; x_wconf 91' lang='lat' dir='ltr'>quoque</span> <span class='ocrx_word' id='word_1_198' title='bbox 601 3352 704 3440; x_wconf 91' lang='lat' dir='ltr'>oppidi</span> <span class='ocrx_word' id='word_1_199' title='bbox 722 3351 858 3440; x_wconf 90' lang='lat' dir='ltr'>partibus</span> <span class='ocrx_word' id='word_1_200' title='bbox 877 3352 1017 3417; x_wconf 87' lang='lat' dir='ltr'>acerrime</span> <span class='ocrx_word' id='word_1_201' title='bbox 1036 3362 1205 3438; x_wconf 85' lang='lat' dir='ltr'>pugnatum</span> <span class='ocrx_word' id='word_1_202' title='bbox 1226 3373 1289 3416; x_wconf 88' lang='lat' dir='ltr'>esse</span> <span class='ocrx_word' id='word_1_203' title='bbox 1310 3351 1421 3420; x_wconf 85' lang='lat' dir='ltr'>Caesar</span> 
     </span>
     <span class='ocr_line' id='line_1_26' title="bbox 303 3469 1421 3556; baseline -0.004 -17"><span class='ocrx_word' id='word_1_204' title='bbox 303 3480 409 3539; x_wconf 87' lang='lat' dir='ltr'>auctor</span> <span class='ocrx_word' id='word_1_205' title='bbox 442 3478 504 3553; x_wconf 89' lang='lat' dir='ltr'>est,</span> <span class='ocrx_word' id='word_1_206' title='bbox 539 3470 679 3556; x_wconf 91' lang='lat' dir='ltr'>idemque</span> <span class='ocrx_word' id='word_1_207' title='bbox 712 3476 813 3536; x_wconf 88' lang='lat' dir='ltr'>narrat</span> <span class='ocrx_word' id='word_1_208' title='bbox 844 3470 936 3536; x_wconf 84' lang='lat' dir='ltr'>fllium</span> <span class='ocrx_word' id='word_1_209' title='bbox 969 3471 1116 3536; x_wconf 87' lang='lat' dir='ltr'>minorem</span> <span class='ocrx_word' id='word_1_210' title='bbox 1150 3475 1225 3536; x_wconf 88' lang='lat' dir='ltr'>natu</span> <span class='ocrx_word' id='word_1_211' title='bbox 1254 3469 1421 3535; x_wconf 88' lang='lat' dir='ltr'>Ptolemaei</span> 
     </span>
     <span class='ocr_line' id='line_1_27' title="bbox 306 3587 1420 3678; baseline -0.006 -19"><span class='ocrx_word' id='word_1_212' title='bbox 306 3593 456 3660; x_wconf 68' lang='lat' dir='ltr'>Arsinoen</span> <span class='ocrx_word' id='word_1_213' title='bbox 490 3613 619 3658; x_wconf 91' lang='lat' dir='ltr'>vacuam</span> <span class='ocrx_word' id='word_1_214' title='bbox 654 3590 872 3678; x_wconf 89' lang='lat' dir='ltr'>possessionem</span> <span class='ocrx_word' id='word_1_215' title='bbox 906 3587 992 3676; x_wconf 85' lang='lat' dir='ltr'>regni</span> <span class='ocrx_word' id='word_1_216' title='bbox 1025 3596 1211 3677; x_wconf 86' lang='lat' dir='ltr'>sperantem,</span> <span class='ocrx_word' id='word_1_217' title='bbox 1246 3588 1284 3653; x_wconf 91' lang='lat' dir='ltr'>ad</span> <span class='ocrx_word' id='word_1_218' title='bbox 1315 3589 1420 3653; x_wconf 89' lang='lat' dir='ltr'>Achil-</span> 
     </span>
     <span class='ocr_line' id='line_1_28' title="bbox 304 3706 1421 3798; baseline -0.004 -21"><span class='ocrx_word' id='word_1_219' title='bbox 304 3711 364 3777; x_wconf 91' lang='lat' dir='ltr'>lam</span> <span class='ocrx_word' id='word_1_220' title='bbox 409 3734 472 3778; x_wconf 88' lang='lat' dir='ltr'>sesa</span> <span class='ocrx_word' id='word_1_221' title='bbox 508 3734 545 3776; x_wconf 88' lang='lat' dir='ltr'>ex</span> <span class='ocrx_word' id='word_1_222' title='bbox 582 3711 664 3798; x_wconf 85' lang='lat' dir='ltr'>regia</span> <span class='ocrx_word' id='word_1_223' title='bbox 701 3709 864 3775; x_wconf 86' lang='lat' dir='ltr'>contulisse</span> <span class='ocrx_word' id='word_1_224' title='bbox 902 3731 1021 3794; x_wconf 90' lang='lat' dir='ltr'>unaque</span> <span class='ocrx_word' id='word_1_225' title='bbox 1062 3708 1172 3774; x_wconf 91' lang='lat' dir='ltr'>bellum</span> <span class='ocrx_word' id='word_1_226' title='bbox 1212 3706 1421 3773; x_wconf 85' lang='lat' dir='ltr'>administrare</span> 
     </span>
    </p>
   </div>
   <div class='ocr_carea' id='block_1_6' title="bbox 300 3961 1427 4299">
    <p class='ocr_par' dir='ltr' id='par_1_7' title="bbox 300 3961 1427 4126">
     <span class='ocr_line' id='line_1_29' title="bbox 311 3961 1427 4037; baseline -0.004 -13"><span class='ocrx_word' id='word_1_227' title='bbox 311 3961 313 3966; x_wconf 73' lang='grc'><strong>’</strong></span> <span class='ocrx_word' id='word_1_228' title='bbox 336 3970 354 4037; x_wconf 72' lang='lat'>¹)</span> <span class='ocrx_word' id='word_1_229' title='bbox 374 3968 438 4024; x_wconf 81' lang='lat' dir='ltr'>Cass</span> <span class='ocrx_word' id='word_1_230' title='bbox 456 3966 517 4024; x_wconf 88' lang='lat' dir='ltr'>Dic.</span> <span class='ocrx_word' id='word_1_231' title='bbox 536 3965 657 4024; x_wconf 80' lang='lat' dir='ltr'>XXXIX</span> <span class='ocrx_word' id='word_1_232' title='bbox 676 3969 717 4024; x_wconf 84' lang='lat'>51.</span> <span class='ocrx_word' id='word_1_233' title='bbox 736 3967 790 4023; x_wconf 83' lang='lat' dir='ltr'>Cic.</span> <span class='ocrx_word' id='word_1_234' title='bbox 817 3964 869 4024; x_wconf 86' lang='lat' dir='ltr'>Ad.</span> <span class='ocrx_word' id='word_1_235' title='bbox 887 3966 945 4024; x_wconf 86' lang='lat' dir='ltr'>Att.</span> <span class='ocrx_word' id='word_1_236' title='bbox 969 3965 1010 4021; x_wconf 90' lang='lat' dir='ltr'>IV</span> <span class='ocrx_word' id='word_1_237' title='bbox 1035 3965 1078 4022; x_wconf 88' lang='grc'>10.</span> <span class='ocrx_word' id='word_1_238' title='bbox 1101 3961 1223 4020; x_wconf 88' lang='lat' dir='ltr'>Puteolis</span> <span class='ocrx_word' id='word_1_239' title='bbox 1245 3979 1356 4037; x_wconf 81' lang='lat' dir='ltr'>mugnus</span> <span class='ocrx_word' id='word_1_240' title='bbox 1382 3967 1427 4020; x_wconf 90' lang='lat' dir='ltr'>est</span> 
     </span>
     <span class='ocr_line' id='line_1_30' title="bbox 300 4051 815 4126; baseline 0 -15"><span class='ocrx_word' id='word_1_241' title='bbox 300 4071 389 4111; x_wconf 87' lang='lat' dir='ltr'>rumor</span> <span class='ocrx_word' id='word_1_242' title='bbox 406 4051 587 4110; x_wconf 87' lang='lat' dir='ltr'>Ptolemaeum</span> <span class='ocrx_word' id='word_1_243' title='bbox 604 4071 661 4110; x_wconf 83' lang='lat' dir='ltr'>esse</span> <span class='ocrx_word' id='word_1_244' title='bbox 678 4053 707 4110; x_wconf 92' lang='lat' dir='ltr'>iu</span> <span class='ocrx_word' id='word_1_245' title='bbox 724 4071 815 4126; x_wconf 82' lang='lat' dir='ltr'>reguo.</span> 
     </span>
    </p>

    <p class='ocr_par' dir='ltr' id='par_1_8' title="bbox 335 4139 688 4205">
     <span class='ocr_line' id='line_1_31' title="bbox 335 4139 688 4205; baseline 0 -9"><span class='ocrx_word' id='word_1_246' title='bbox 335 4140 355 4205; x_wconf 81' lang='lat'>¹)</span> <span class='ocrx_word' id='word_1_247' title='bbox 374 4140 449 4196; x_wconf 83' lang='lat' dir='ltr'>Caes.</span> <span class='ocrx_word' id='word_1_248' title='bbox 467 4139 498 4197; x_wconf 93' lang='lat' dir='ltr'>B.</span> <span class='ocrx_word' id='word_1_249' title='bbox 514 4139 544 4197; x_wconf 84' lang='lat' dir='ltr'>O.</span> <span class='ocrx_word' id='word_1_250' title='bbox 562 4139 688 4197; x_wconf 84' lang='grc'><strong>111103.</strong></span> 
     </span>
    </p>

    <p class='ocr_par' dir='ltr' id='par_1_9' title="bbox 338 4224 605 4299">
     <span class='ocr_line' id='line_1_32' title="bbox 338 4224 605 4299; baseline 0.011 -17"><span class='ocrx_word' id='word_1_251' title='bbox 338 4225 359 4299; x_wconf 80' lang='lat'>⁵)</span> <span class='ocrx_word' id='word_1_252' title='bbox 377 4225 409 4283; x_wconf 93' lang='lat' dir='ltr'>B.</span> <span class='ocrx_word' id='word_1_253' title='bbox 428 4225 458 4284; x_wconf 86' lang='lat'>0.</span> <span class='ocrx_word' id='word_1_254' title='bbox 479 4224 605 4285; x_wconf 85' lang='lat'>111111.</span> 
     </span>
    </p>
   </div>
   <div class='ocr_carea' id='block_1_7' title="bbox 0 0 1662 5138">
    <p class='ocr_par' dir='ltr' id='par_1_10' title="bbox 0 0 1662 5138">
     <span class='ocr_line' id='line_1_33' title="bbox 0 0 1662 5138; baseline 0 0"><span class='ocrx_word' id='word_1_255' title='bbox 0 0 1662 5138; x_wconf 95' lang='lat' dir='ltr'> </span> 
     </span>
    </p>
   </div>
  </div>
 </body>
</html>
