3308 5138
829 408 890 471 158

337 615 385 683 ld.
408 617 451 684 id.
474 613 625 684 XXXIV.
656 615 727 682 Siue
750 614 827 680 adiit
846 613 1010 696 Hercules,
1034 636 1104 695 sau,
1128 613 1281 700 quidquid
1303 613 1416 701 ubique

292 733 490 820 magnificam
513 741 572 816 est,
595 735 628 802 iu
652 733 818 801 claritatem
842 733 907 800 eius
930 733 1039 800 referre
1065 727 1281 801 consensimus.

337 853 531 942 Legendum:
556 852 779 922 consuevimus.
913 855 915 862 '

775 1031 777 1036 .
799 969 909 1038 XXII.

335 1121 431 1190 Tacit.
465 1121 550 1190 Hist.
581 1121 624 1188 II.
650 1124 702 1190 10.
748 1119 786 1186 Id
816 1119 946 1188 Senatus
968 1119 1139 1187 consultum
1164 1122 1245 1187 varie
1268 1098 1414 1188 iactatum

292 1250 324 1312 et
357 1249 450 1330 prout
482 1248 590 1330 putens
613 1242 664 1308 vel
686 1241 775 1328 inops
798 1262 867 1307 reas
889 1231 1051 1322 inciderat,
1080 1241 1236 1306 infirmum
1266 1246 1319 1306 aut
1341 1241 1415 1306 vali·

292 1364 383 1444 dum,
406 1361 594 1430 retinebatur
616 1359 716 1426 adbuc
739 1360 854 1433 terrori.
901 1359 961 1426 Sed
983 1357 1104 1447 propria
1127 1359 1159 1424 vi
1182 1358 1307 1446 Crispus
1329 1359 1415 1426 iucu-

292 1482 398 1550 bucrat
424 1481 586 1548 delatorem
609 1480 710 1548 fratris
733 1480 782 1545 sui
804 1484 983 1567 pervertere.

335 1601 430 1689 Lege:
454 1601 649 1668 retinebatur.
695 1599 746 1666 Ad
767 1599 827 1664 hoc
849 1599 970 1664 terroris
992 1604 1023 1665 et
1045 1597 1167 1686 propria
1191 1599 1221 1664 ui
1234 1647 1242 1666 .
1256 1646 1263 1666 .
1277 1646 1307 1666 ..

336 1700 395 1788 Id.
408 1719 456 1788 Id.
479 1719 524 1787 Il.
550 1722 600 1788 76.
625 1719 685 1786 Sed
707 1723 738 1784 at
760 1717 844 1784 Nero
867 1718 1024 1784 nobilitate
1048 1718 1224 1806 [natalium]
1253 1711 1415 1785 Vitellium

293 1840 438 1908 anteibat.
1095 1834 1097 1838 ’

332 1958 469 2027 Verbum
492 1959 577 2028 uncis
600 1957 750 2027 inclusum
774 1956 934 2024 delendum
957 1962 1014 2024 est.

789 2103 916 2172 XXIII.

335 2258 419 2325 Suet.
443 2255 516 2323 Diu.
540 2221 601 2324 Iul.
629 2258 682 2324 20.
704 2277 784 2322 unus
804 2277 841 2321 er
866 2276 902 2321 eo
925 2260 1060 2343 tempore
1079 2255 1179 2322 omnia
1208 2255 1241 2321 in
1261 2255 1415 2344 republica

290 2383 321 2446 et
344 2378 383 2444 ad
410 2377 578 2464 arbitrium
592 2374 833 2444 administrabat.
1379 2383 1380 2388 ’

334 2495 531 2586 Legendum:
556 2494 595 2561 ad
617 2493 790 2561 arbritrium
813 2514 912 2560 suum.

798 2641 918 2709 xxiv,
939 2725 941 2730 ,

194 2855 198 2862 .
335 2794 442 2883 (lynici
476 2795 574 2860 aetate
607 2791 796 2880 imperatoria
829 2814 890 2858 non
913 2791 1015 2858 eadem
1037 2769 1185 2858 docebant
1208 2814 1284 2880 quae
1306 2793 1415 2882 Cynici

292 2915 503 2984 Athenienses.

808 3031 910 3098 XXV.

238 3181 264 3238 ’-
336 3183 504 3252 Democriti
526 3179 634 3248 verba:
660 3185 724 3261 aab
751 3185 876 3261 μᾶλλον
902 3181 937 3246 τὸ
961 3178 1009 3244 aar
1033 3179 1100 3256 alut
1114 3177 1416 3271 pallorivudspec·

158 3385 160 3390 Ι
293 3309 360 3370 taut
382 3302 420 3369 ad
443 3301 608 3370 Heracliti:
633 3300 762 3384 'pedara
788 3296 865 3367 atvar
889 3299 943 3367 aul
967 3299 1011 3381 ul
1034 3295 1146 3368 εἴωθ’.

798 3450 919 3519 XXVI.

335 3605 461 3671 Frustra
474 3600 642 3690 Ueberweg
662 3601 805 3690 (Grundr.
825 3601 878 3667 der
896 3600 1007 3670 Gesob.
1027 3602 1079 3668 der
1092 3602 1171 3679 Phil.
1183 3601 1210 3669 I.
1222 3625 1273 3690 pg.
1287 3605 1341 3687 97)
1360 3625 1416 3669 uos

293 3725 397 3790 dooere
411 3728 535 3788 conatur
547 3723 714 3802 Socratem,
734 3743 843 3808 quum
865 3730 1086 3804 moreretur,
1102 3743 1236 3816 annum
1255 3721 1416 3788 LXXI¹¹⁰¹

294 3844 355 3910 iam
378 3843 555 3930 explevisse.

789 3959 925 4026 XXVII.

342 4082 483 4167 Dialogus
517 4081 652 4146 Platonis
688 4079 797 4164 quibus
831 4100 927 4144 sermo
955 4077 1115 4144 inchoatur
1144 4079 1328 4165 antiquiores
1351 4103 1416 4148 esse

294 4223 383 4289 quam
407 4201 445 4283 ii,
471 4199 582 4290 quibus
606 4220 701 4266 sermo
724 4199 931 4281 continuatur,
952 4196 1201 4267 verisimillimum
1226 4204 1281 4268 ert.
