3296 5132
746 395 787 457 41

149 670 152 674 ,
205 604 416 687 asperemound
437 603 574 686 ἀράχναις
598 601 775 682 κατέσχον,
799 599 950 678 ἕκβνέντσς
975 622 1011 663 τε
1035 601 1068 664 ἐκ
1092 604 1147 673 τῆς
1174 599 1244 673 νεὼς
1274 601 1329 666 αὖ·

204 729 259 791 τσῦ
284 725 371 807 ὄφεις
403 724 455 790 τὸν
482 692 818 801 στίβσνυὲπνσπόμενσν
852 719 997 800 συνέχεον
1014 767 1161 787 .......
1199 721 1327 800 Σενσμσὶ

205 853 348 926 συνεχεῖς
374 844 457 925 μετὰ
483 843 649 923 monaterio
667 839 835 922 Ιἐγένοντο,
861 889 980 910 ......
1014 845 1053 907 ‘0
1088 838 1170 916 ἥλιος
1197 839 1328 920 σύμπας

207 966 342 1045 ἐξέλιπε.
369 991 397 1033 κ.
413 991 441 1032 τ.
458 981 490 1032 λ.
536 964 575 1028 Εἰ
598 962 757 1050 Appianus
782 961 933 1027 consentit
948 963 985 1049 ¹).
1009 961 1027 1038 ἦ
1054 987 1089 1027 τε
1117 961 1215 1040 βουλὴ
1240 960 1328 1043 πσρὰ

206 1083 299 1166 δέξνν
348 1092 452 1162 αὐτοῖς
499 1087 601 1166 &Seiae
655 1086 821 1164 τ’ἕσβνλῆς
859 1088 913 1149 τοῦ
952 1082 1106 1164 Κνίσνρσς
1139 1080 1346 1162 γενομένης

210 1209 415 1292 ἐδεδοίκεσαν,
442 1207 486 1274 ἔτι
511 1208 595 1282 ὄντες
619 1205 832 1288 ereptumve
848 1251 989 1272 .......
1015 1202 1145 1284 Τέρντνέ
1166 1227 1201 1268 τε
1224 1203 1329 1276 αὐτοῖς

208 1335 322 1400 ἔπιπτε
351 1329 456 1396 πολλοὶ
492 1327 544 1394 xci
579 1334 697 1407 σνμεῖνν
731 1324 866 1406 obodae.
912 1319 1002 1402 Αἶμνὶ
1032 1347 1067 1387 τε
1101 1320 1199 1400 ἔδοξεν
1228 1321 1327 1396 toea

208 1450 299 1533 ὗσνν,
336 1449 389 1516 καὶ
413 1449 510 1526 &duva
536 1448 682 1528 ὑδρῶσνν,
718 1444 770 1510 xci
796 1443 932 1525 κεραυνοὶ
957 1450 1063 1509 πεσεῖν
1085 1441 1135 1507 ἐπὶ
1161 1443 1230 1515 νεὼς
1256 1457 1331 1508 πσλ-

206 1575 278 1646 sobe
302 1572 354 1636 axi
378 1569 497 1650 ἡμιόννν
522 1575 634 1634 τεκεῖν.
648 1616 656 1632 .
669 1614 701 1634 ..
725 1590 754 1630 κ.
768 1589 799 1632 τ.
812 1579 843 1628 λ.
892 1563 941 1628 Ad
960 1563 1118 1630 fastidium
1140 1586 1237 1649 usque
1256 1563 1327 1630 cas-

207 1695 270 1760 sius
292 1691 356 1756 Dio
379 1688 626 1755 consuetudinem
644 1684 784 1773 perducit
806 1682 947 1748 narrandi
966 1682 1243 1770 interpretandique
1262 1705 1329 1772 pro·

207 1813 307 1900 digia,
332 1808 496 1888 insomnia,
520 1811 666 1892 portenta.
715 1804 831 1868 Horum
857 1824 1039 1888 quamquam
1060 1803 1168 1869 Livius
1179 1804 1331 1892 ceterique
1412 1795 1414 1799 ¹

207 1932 367 2018 scriptores
401 1950 464 1991 nou
498 1947 623 2012 parvum
657 1923 817 1989 exhibeant
847 1945 1025 2004 numerum,
1061 1929 1161 1989 tamen
1185 1947 1246 1989 non
1270 1947 1330 1991 uuo

209 2053 277 2116 loco
299 2050 433 2114 inuuunt
456 2069 486 2111 se
509 2045 635 2110 minime
657 2043 696 2108 iis
720 2043 809 2108 fidem
832 2042 992 2122 habuisse,
1017 2041 1069 2108 sed
1092 2041 1131 2108 ob
1153 2043 1331 2131 religionem
1400 2099 1402 2103 .

210 2174 329 2234 tantum
352 2190 386 2231 ea
408 2189 444 2230 ex
469 2163 634 2230 Annalibus
657 2161 803 2227 retulisse.
839 2161 961 2226 Cassius
981 2161 1042 2226 Dio
1055 2161 1177 2227 maximi
1190 2164 1328 2252 prodigia

211 2288 285 2354 facit
307 2293 337 2351 et
359 2309 394 2351 eo
417 2308 513 2370 usque
532 2281 754 2370 superstitionis
771 2280 963 2368 progreditur
983 2287 1018 2346 ut
1040 2280 1221 2348 terribiliora
1240 2283 1332 2350 etiam

210 2431 245 2472 ea
264 2404 378 2472 reddat.
403 2403 453 2469 Sic
477 2403 530 2468 ubi
553 2402 659 2467 Liuius
685 2400 778 2487 (apud
798 2399 858 2466 Iul.
881 2399 955 2466 Obs.
979 2399 1053 2488 Cap.
1080 2403 1154 2486 126)
1179 2401 1211 2467 in
1231 2401 1331 2469 Crassi

210 2524 400 2614 expeditione
413 2520 605 2588 describenda
616 2526 717 2584 narrat
730 2519 884 2600 ,sdecImae
895 2519 1022 2605 legionis
1035 2521 1164 2606 aquilae,
1185 2543 1261 2606 quae
1273 2522 1329 2588 ful·

213 2647 294 2712 mina
306 2642 447 2709 tenebant
459 2641 540 2706 visae
553 2640 705 2705 dimittere
713 2646 743 2704 et
756 2639 787 2703 in
801 2638 927 2704 sublime
938 2639 1065 2720 avolare,
1090 2639 1160 2721 Dio,
1174 2640 1261 2725 quasi
1274 2641 1329 2708 hoc

212 2786 314 2831 revera
344 2762 457 2827 factum
482 2761 540 2841 sit,
571 2759 663 2824 tradit
687 2762 729 2845 ἣν
754 2761 778 2823 οἱ
802 2759 833 2824 δὲ
860 2760 894 2833 δὴ
918 2759 1004 2824 oberei
1031 2763 1090 2824 τῶν
1118 2759 1332 2840 στρατοπέδων

321 2883 390 2954 τοὺς
419 2880 596 2962 κεραυνοὺς,
622 2877 669 2952 οὓς
695 2881 724 2944 ἕν
754 2888 815 2952 τοῖς
840 2881 930 2946 ποσὶν
958 2881 1058 2945 αὐτῶν
1088 2879 1213 2963 ἔφερον,
1237 2880 1333 2958 ἑκβνν·

213 3001 321 3076 λδντες
345 3002 549 3068 ν’ντετέτσντσ.
596 2999 732 3082 Quarum
755 3023 855 3065 rerum
878 3002 910 3070 iu
934 3000 1031 3065 maius
1058 3007 1212 3066 auctorum
1235 3002 1332 3068 multa

167 3207 172 3214 ¹
214 3117 306 3190 etiaim
328 3123 461 3210 exempla
483 3145 520 3187 ex
543 3121 641 3186 Dione
664 3143 798 3207 promere
821 3120 979 3206 possimus.
1017 3119 1098 3185 Fieri
1120 3119 1216 3208 igitur
1234 3127 1334 3208 potest

214 3250 251 3310 ut
284 3243 364 3330 apud
396 3242 536 3322 Livium,
572 3240 686 3326 quippe
720 3239 775 3324 qui
810 3239 957 3304 eiusmodi
990 3262 1089 3304 rerum
1113 3241 1337 3307 amantissimus

216 3370 312 3443 esset,
336 3363 476 3428 Lucanus
500 3361 752 3427 enumerationem
776 3365 982 3446 portentorum
1002 3357 1267 3446 prodigiorumque
1294 3361 1337 3427 le·

217 3483 311 3570 gerit,
347 3505 439 3567 quam
472 3480 594 3548 Cassius
629 3502 748 3565 quoque
783 3479 843 3545 Dio
877 3480 1001 3545 Livium
1032 3487 1151 3545 secutus
1178 3481 1260 3567 operi
1282 3504 1337 3548 suo
1432 3565 1434 3569 ι

218 3599 388 3666 inseruerit.

262 3719 407 3785 Nondum
433 3718 563 3784 vidimus
587 3740 623 3783 ex
646 3740 707 3802 quo
732 3718 815 3784 fonte
832 3717 973 3782 Lucanus
994 3741 1045 3795 ea,
1069 3719 1339 3804 quaestubico·

219 3862 287 3904 nem
310 3840 424 3904 factum
444 3861 506 3904 esse
520 3838 631 3918 tradat,
654 3838 803 3905 sumserit.
827 3837 960 3903 Caesaris
977 3836 1166 3906 Rubiconem
1184 3846 1339 3907 transeun-

253 4118 272 4185 ¹)
289 4115 358 4188 App.
377 4115 408 4172 B.
427 4115 456 4170 C.
475 4115 514 4172 II.
533 4116 574 4171 36.

252 4202 274 4272 ²)
293 4201 325 4260 B.
345 4202 374 4258 C.
392 4201 497 4259 XLIII.
517 4203 559 4258 35.
