3308 5138
889 396 928 456 92

348 619 443 683 usque
477 598 640 665 Suetonius
665 599 844 665 mentionem
869 598 997 686 fecit1).
1045 601 1187 679 „Nonam
1210 603 1361 688 legionem
1384 605 1464 692 apud

346 715 547 798 Placentiam,
572 740 755 803 quamquam
778 719 810 784 in
834 719 924 784 armis
947 719 1044 787 adhuc
1067 720 1229 808 Pompeius
1253 729 1344 802 esset,
1368 730 1462 789 totam

345 857 415 901 cum
437 836 603 923 ignominia
626 839 747 903 missam
770 837 844 904 fecit
866 861 1014 925 aegreque
1036 847 1105 926 post
1127 841 1240 906 multas
1263 849 1293 906 et
1317 843 1463 929 supplices

347 981 460 1045 preces,
484 979 539 1023 nec
561 957 620 1022 nisi
643 957 806 1023 exacta'de
830 958 966 1024 sontibus
988 981 1084 1045 poeno
1107 960 1239 1025 restituit
1247 988 1256 1040 3
1281 959 1462 1026 decumanus

348 1083 448 1143 autem
482 1076 612 1156 Romae,
648 1099 715 1143 cum
750 1077 923 1165 ingentibus
954 1079 1045 1143 minis
1067 1100 1245 1162 summoque
1268 1079 1358 1144 etiam
1381 1080 1460 1145 urbis

346 1194 479 1282 periculo
514 1195 685 1260 missionem
719 1201 749 1260 et
782 1196 913 1282 praemia
946 1197 1130 1282 flagitantes,
1155 1197 1278 1263 ardente
1308 1198 1340 1262 in
1360 1199 1461 1264 Africa

346 1313 425 1379 bello
451 1335 547 1399 neque
576 1313 657 1378 adire
680 1320 837 1379 cunctatus
859 1321 921 1394 est,
945 1337 1123 1400 quamquam
1148 1316 1367 1382 deterrentibus
1390 1318 1460 1382 ami·

345 1433 389 1498 cis
411 1455 507 1519 neque
530 1433 697 1498 dimittere:
722 1433 774 1498 sed
798 1456 858 1499 una
881 1457 970 1515 voce,
996 1458 1054 1520 qua
1076 1435 1211 1516 Quirites
1234 1458 1285 1500 eos
1307 1458 1361 1522 pro
1382 1436 1458 1500 mili·

344 1551 424 1618 tibus
458 1551 638 1638 appellarat,
674 1557 736 1616 tam
759 1551 845 1617 facile
868 1552 1046 1640 circumegit
1069 1559 1099 1618 et
1121 1553 1220 1634 flexit,
1244 1559 1281 1618 ut
1302 1555 1331 1618 ei
1350 1554 1460 1619 milites

344 1694 408 1737 esse
442 1670 600 1736 confestim
630 1668 854 1756 responderint,
885 1678 915 1735 et
938 1671 1076 1757 quamvis
1097 1678 1299 1750 recusantem,
1323 1672 1405 1737 ultro
1428 1673 1458 1736 in

345 1791 478 1856 Africam
508 1791 567 1855 sint
601 1786 789 1856 consecuti''.
840 1788 959 1872 Quibus
990 1789 1049 1853 iam
1080 1789 1183 1854 statim
1205 1791 1362 1855 Lucanum
1385 1790 1458 1856 duas

345 1910 506 1976 seditiones
518 1909 743 1998 permiscuisse,
764 1908 902 1974 videmus
910 1960 920 1990 ,
936 1909 1016 1994 qnod
1029 1909 1165 1974 consulto
1177 1909 1301 1974 fortasse
1313 1909 1387 1974 fecit
1394 1958 1404 1988 ,
1423 1933 1459 1976 ne

344 2029 527 2095 occasionem
544 2029 646 2094 datam
662 2028 912 2115 praetermitteret
935 2028 1112 2101 ostendendi
1136 2027 1244 2093 mentis
1260 2029 1457 2116 praesentiam

342 2147 476 2214 Caesaris
507 2149 678 2234 iterumque
709 2148 745 2213 dc
776 2148 876 2212 eadem
907 2170 939 2212 re
970 2170 1008 2212 ne
1033 2147 1213 2232 loqueretur.
1255 2146 1349 2212 Cuius
1372 2149 1455 2230 vitii,

343 2267 406 2332 sive
440 2268 577 2334 consulto
612 2269 675 2333 sive
709 2290 762 2355 per
795 2288 923 2331 errorem
954 2264 1125 2344 commissi,
1158 2271 1263 2352 poetae
1297 2266 1386 2332 facile
1420 2267 1458 2334 ob

341 2385 495 2451 licentiam
536 2386 699 2473 politicam,
741 2386 861 2450 veniam
902 2385 1024 2466 damus,
1067 2384 1208 2470 quoniam
1247 2385 1356 2450 seditio
1388 2394 1457 2453 ante

342 2503 452 2570 bellum
487 2505 662 2570 Africanum
697 2511 778 2586 orta,
808 2504 890 2592 quod
920 2504 958 2570 ad
980 2526 1127 2570 summam
1149 2505 1192 2569 rei
1215 2505 1342 2585 attinet,
1367 2512 1397 2570 et
1419 2506 1456 2571 nb

342 2624 476 2689 militum
506 2624 657 2712 postulata
687 2632 717 2690 et
749 2625 786 2690 ob
815 2625 925 2702 linem,
947 2647 1016 2689 cum
1040 2624 1096 2689 hac
1119 2624 1320 2689 narrationem
1344 2624 1456 2711 optime

341 2744 485 2830 quadrare
517 2745 652 2826 videtur,
680 2745 753 2810 licet
776 2746 814 2811 ob
838 2751 958 2831 tempus
980 2743 1096 2830 ipsum,
1121 2743 1203 2830 prior
1224 2744 1333 2809 seditio
1356 2747 1455 2832 potins

342 2864 538 2950 intelligenda
560 2887 623 2929 esse
647 2864 793 2930 videatur.

383 2985 492 3068 Neque
512 2983 632 3064 Livius,
654 3006 753 3069 neque
770 2983 891 3062 Florus,
909 3004 1005 3068 neque
1023 2981 1148 3047 Orosius
1164 2982 1257 3046 ullam
1275 2983 1455 3049 mentionem

340 3127 442 3171 eorum
459 3102 593 3181 faciunt,
618 3127 693 3189 quae
717 3128 734 3168 a
756 3105 878 3169 Lucano
902 3101 1062 3168 truduntur
1080 3101 1118 3166 de
1138 3101 1285 3168 militibus
1297 3103 1455 3170 seditiosis.

383 3223 515 3289 Gravius
548 3223 687 3289 Lucanus
718 3223 875 3288 veritatem
906 3221 1048 3302 offendit,
1084 3222 1138 3286 ubi
1169 3221 1326 3287 Caesarem
1356 3229 1455 3288 narrat

339 3343 442 3409 statim
479 3365 517 3408 ex
550 3341 701 3428 Hispanis
731 3342 859 3407 Romam
894 3340 1093 3406 contendisse.
1143 3340 1236 3406 Hunc
1270 3341 1351 3406 enim
1385 3341 1455 3405 His-

339 3463 428 3549 pania
462 3463 494 3528 in
528 3461 652 3527 victoris
684 3467 863 3550 potestatem
891 3460 1011 3525 redacta
1034 3459 1071 3524 ad
1093 3459 1259 3525 Massiliam
1282 3461 1453 3540 revertisse,

339 3587 473 3646 constat:
494 3604 571 3668 quae
590 3579 662 3646 urbs
685 3579 828 3666 elegatis
848 3579 912 3644 suis
924 3578 1058 3643 nondum
1070 3584 1337 3665 expugnataesset.
1374 3579 1455 3660 Quid

340 3698 412 3763 urbe
435 3699 549 3764 factum
571 3700 611 3764 sit
633 3699 693 3763 iarn
717 3721 805 3784 supra
828 3697 1010 3763 monuimus.
1401 3688 1402 3692 ¹

384 3816 469 3898 Quae
504 3818 616 3882 Romae
650 3825 717 3883 acta
751 3826 822 3882 sunt
856 3818 996 3882 Lucanus
1026 3817 1203 3903 diligenter,
1237 3817 1325 3882 simul
1355 3826 1454 3884 autem

337 3936 477 4023 cupidius
501 3944 531 4002 et
555 3937 740 4019 studiosius,
765 3936 934 4023 descripsit.

371 4192 390 4261 ι)
410 4188 463 4245 niv
482 4187 536 4245 ru.
555 4190 597 4245 ea
