3296 5132
317 555 436 630 narrat,
457 550 485 614 ei
508 572 568 614 non
592 549 689 613 solum
712 539 845 613 annonas
868 571 957 614 causa
980 549 1036 614 hoc
1059 551 1234 618 insudatum
1259 577 1331 619 csse.
1367 537 1437 619 an-

318 692 365 734 sar
388 669 514 754 relertl)
539 668 670 734 amicum
694 690 785 733 suum
807 673 1018 754 propraetore
1041 691 1110 734 cnm
1130 670 1247 736 duabus
1266 672 1437 758 legionibus

317 789 487 876 profectum
510 811 588 866 esse,
613 811 709 874 quum
732 787 811 852 idem
834 787 937 852 iussus
964 810 1028 854 esse
1051 788 1189 871 videtur,
1213 798 1282 878 post
1306 793 1436 857 Siciliam

275 956 277 963 .
317 913 480 995 receptam,
515 907 656 994 protinus
675 907 706 972 in
730 907 862 972 Africam
890 907 1071 973 excercitum
1095 909 1241 996 traiicere.
1286 912 1436 998 Legatus,

318 1050 335 1091 a
364 1027 487 1092 Lucano
518 1051 579 1094 uon
611 1027 802 1107 nominatus,
831 1027 862 1092 in
886 1027 1055 1092 Sardiniam
1080 1027 1208 1111 missus,
1236 1029 1274 1112 Q.
1297 1031 1437 1096 Valerius

273 1233 276 1240 y
317 1145 395 1210 Orca
429 1153 489 1226 cst,
527 1153 562 1211 ut
594 1157 709 1234 praeter
731 1145 907 1233 Appianum
932 1149 956 1231 2)
981 1147 1102 1214 Scholia
1132 1171 1253 1233 quoque
1277 1149 1438 1214 Bernensia

318 1287 373 1329 nos
407 1264 516 1330 docent
538 1267 574 1350 8).
620 1264 693 1330 ldeo
731 1265 827 1351 igitur
860 1264 1054 1347 missisunt,
1091 1273 1127 1332 ut
1150 1267 1228 1334 hosti
1255 1254 1360 1334 horrea
1384 1270 1437 1334 eri·

317 1391 473 1472 pereniter,
509 1406 587 1470 quae
621 1385 675 1469 qui
704 1383 888 1472 possidebat,
918 1385 1044 1451 Romam
1076 1409 1199 1473 quoque
1228 1387 1261 1452 in
1290 1394 1438 1475 potestate

318 1504 459 1571 habebat.

362 1624 499 1690 Eundem
523 1624 673 1705 ordinem,
698 1645 788 1709 quam
813 1625 958 1690 Lucanus
982 1626 1138 1711 sequitur,
1161 1624 1268 1692 Florus
1292 1626 1437 1706 servavit,

318 1743 370 1808 ubi
399 1750 499 1810 narrat
520 1742 674 1809 Caesarem
697 1743 830 1809 Siciliam
849 1750 879 1808 et
891 1745 1074 1828 Sardiniam,
1099 1768 1175 1832 quas
1187 1768 1322 1810 ancnnce
1333 1746 1439 1833 pigno-

317 1887 349 1928 ra
373 1869 477 1946 vocat,
503 1887 555 1948 per
576 1863 689 1949 legatos
708 1863 887 1929 ordinandas
905 1886 1035 1932 curasse.
1080 1865 1191 1951 Neque
1214 1865 1295 1952 apud
1317 1861 1437 1928 Florum

316 1983 463 2070 legimus,
486 1981 627 2048 Curionis
650 1983 785 2048 adventu
807 1984 929 2070 cognito
952 1984 1108 2065 Catanen,
1132 1985 1187 2071 qui
1206 1984 1291 2050 illam
1309 1983 1439 2050 insulam

319 2102 481 2184 obtineret,
513 2102 699 2190 profugisse,
728 2125 827 2188 neque
857 2103 939 2189 apud
960 2103 1120 2170 Lucanum
1144 2105 1237 2169 huius
1259 2103 1303 2168 rei
1325 2103 1439 2169 mentio

319 2223 397 2287 faeta
416 2233 472 2289 est.
517 2221 590 2287 Non
615 2222 744 2309 legimus
761 2228 830 2289 ante
848 2224 1013 2288 Curionem
1031 2225 1091 2288 iam
1109 2225 1251 2290 Asinium
1272 2221 1439 2288 Pollionem

319 2341 446 2406 missum
462 2365 539 2423 esse,
558 2365 657 2428 neque
675 2343 755 2407 hunc
768 2343 937 2430 profectum
954 2367 1017 2410 csse
1030 2367 1098 2409 cum
1112 2345 1185 2432 ipsis
1196 2343 1366 2430 legionibus
1379 2343 1440 2408 Do·

321 2461 464 2542 mitiauis,
482 2463 537 2548 qui
549 2463 637 2527 modo
651 2485 774 2528 oausam
785 2463 919 2530 Caesaris
933 2471 1051 2529 secutae
1063 2471 1172 2530 essent.
1196 2463 1288 2546 Quod
1300 2486 1356 2528 nos
1367 2463 1439 2528 Plu·

321 2581 443 2647 tarchus
469 2589 562 2668 atque
584 2582 744 2668 Appiauus
756 2582 865 2648 docent
877 2585 914 2669 ⁴).
937 2582 1045 2648 Caesar
1056 2584 1119 2671 ipse
1130 2584 1186 2648 hac
1199 2583 1232 2648 in
1243 2607 1274 2670 re
1285 2605 1438 2648 nonomen

319 2701 442 2787 quidem
465 2701 614 2768 Pollionis
637 2708 800 2784 memorat,
828 2701 881 2767 ubi
901 2725 970 2767 cum
990 2703 1140 2790 negligere
1152 2711 1182 2768 et
1194 2701 1313 2768 silentio
1325 2709 1440 2790 praele-

322 2821 380 2886 rirc
403 2821 527 2886 minime
550 2823 695 2909 oportuit.
718 2885 719 2892 ,

364 2942 522 3008 Lucanum
564 2965 633 3006 vero
668 2942 700 3006 iu
734 2941 781 3006 his
815 2941 905 3006 rebus
939 2941 1091 3006 tradendis
1126 2941 1215 3006 Livio
1253 2964 1344 3006 rasum
1377 2964 1441 3006 esse

320 3083 428 3147 magua
468 3060 677 3148 probabilitate
714 3061 861 3126 coniicere
888 3061 960 3126 licet
981 3083 1018 3124 ex
1044 3059 1238 3125 annotatione
1254 3068 1440 3125 'commenta-

321 3179 395 3244 toris
424 3181 457 3244 iu
488 3179 587 3246 Schol.
616 3178 705 3246 Bern.
727 3179 780 3244 ΙΙΙ
806 3183 883 3260 182,
908 3179 980 3265 qui,
1006 3179 1042 3244 dc
1066 3178 1197 3244 Curione
1220 3179 1348 3265 eiusque
1370 3181 1440 3245 mis·

242 3328 244 3334 ·
321 3299 406 3365 sione
434 3299 583 3378 scribens,
608 3299 791 3364 haecdicit:
817 3306 874 3380 „ut
897 3299 940 3388 ait
962 3299 1086 3379 Livius,
1110 3298 1204 3364 Curio
1227 3299 1441 3365 M.-Catonem

321 3418 437 3505 expulit
470 3416 659 3506 provincia.”
715 3417 800 3484 Licet
835 3418 979 3484 Periocha
1013 3417 1141 3484 Liviana
1175 3417 1253 3484 nihil
1283 3419 1439 3485 nobiseum

353 3697 361 3734 ¹
393 3697 424 3754 B.
443 3696 472 3756 C.
492 3697 515 3757 1.
534 3699 576 3756 30.

351 3698 373 3864 ἐ
391 3792 460 3866 App.
478 3792 510 3849 B.
529 3793 558 3849 C.
577 3792 617 3850 II.
636 3793 680 3850 41.
699 3793 747 3848 ete
769 3795 819 3862 μὲν
837 3793 972 3864 Κουρίωνα
996 3791 1060 3850 ἀντὶ
1080 3780 1210 3858 aarum
1229 3789 1317 3864 ᾑρεῖτο
1338 3789 1442 3864 {cyrilae

316 3889 465 3954 Σικελίας,
486 3885 603 3944 Kc'i'urcu
624 3885 654 3943 le
677 3886 809 3958 Σαρδοῦς.

349 3978 454 4036 Confer.
473 3979 548 4036 Caes.
565 3979 597 4036 B.
616 3979 646 4036 0.
664 3985 687 4038 Ι.
706 3981 755 4048 30,
774 3981 820 4054 qui
837 3997 996 4053 praenomen
1015 3981 1043 4036 ct
1063 3996 1208 4050 cognomen
1226 3961 1346 4036 reticet'

350 4068 372 4138 θ)
391 4064 479 4124 Schol.
496 4066 574 4123 Bam.
592 4066 648 4126 III.
668 4068 711 4122 64.

351 4155 372 4226 ⁴)
391 4151 466 4212 Plut.
485 4153 543 4210 Cat.
561 4153 631 4212 Min.
650 4156 692 4213 ⁵3.
711 4155 778 4228 App.
796 4154 827 4212 B.
847 4155 877 4210 O.
896 4154 935 4211 II.
953 4155 996 4211 40.
