<?xml version="1.0" encoding="UTF-8"?>
<!DOCTYPE html PUBLIC "-//W3C//DTD XHTML 1.0 Transitional//EN"
    "http://www.w3.org/TR/xhtml1/DTD/xhtml1-transitional.dtd">
<html xmlns="http://www.w3.org/1999/xhtml" xml:lang="en" lang="en">
 <head>
  <title>
</title>
<meta http-equiv="Content-Type" content="text/html;charset=utf-8" />
  <meta name='ocr-system' content='tesseract 3.04.00' />
  <meta name='ocr-capabilities' content='ocr_page ocr_carea ocr_par ocr_line ocrx_word'/>
</head>
<body>
  <div class='ocr_page' id='page_1' title='image "./delucanifontibu00singgoog_0098.png"; bbox 0 0 3308 5138; ppageno 0'>
   <div class='ocr_carea' id='block_1_1' title="bbox 751 374 794 438">
    <p class='ocr_par' dir='ltr' id='par_1_1' title="bbox 751 374 794 438">
     <span class='ocr_line' id='line_1_1' title="bbox 751 374 794 438; baseline 0.047 -2"><span class='ocrx_word' id='word_1_1' title='bbox 751 374 794 438; x_wconf 86' lang='grc'><strong>87</strong></span> 
     </span>
    </p>
   </div>
   <div class='ocr_carea' id='block_1_2' title="bbox 206 575 1373 1384">
    <p class='ocr_par' dir='ltr' id='par_1_2' title="bbox 206 575 1373 1260">
     <span class='ocr_line' id='line_1_2' title="bbox 210 575 1330 668; baseline 0.01 -27"><span class='ocrx_word' id='word_1_2' title='bbox 210 575 274 658; x_wconf 87' lang='lat' dir='ltr'><strong>nit,</strong></span> <span class='ocrx_word' id='word_1_3' title='bbox 308 600 491 663; x_wconf 88' lang='lat' dir='ltr'><strong>quamquam</strong></span> <span class='ocrx_word' id='word_1_4' title='bbox 519 601 631 663; x_wconf 88' lang='lat' dir='ltr'><strong>aequor</strong></span> <span class='ocrx_word' id='word_1_5' title='bbox 660 578 846 644; x_wconf 87' lang='lat' dir='ltr'><strong>tutissimum</strong></span> <span class='ocrx_word' id='word_1_6' title='bbox 878 602 999 646; x_wconf 79' lang='lat' dir='ltr'><strong>cursum</strong></span> <span class='ocrx_word' id='word_1_7' title='bbox 1029 582 1169 668; x_wconf 88' lang='lat' dir='ltr'><strong>praebere</strong></span> <span class='ocrx_word' id='word_1_8' title='bbox 1199 607 1261 652; x_wconf 90' lang='lat' dir='ltr'><strong>non</strong></span> <span class='ocrx_word' id='word_1_9' title='bbox 1281 585 1330 667; x_wconf 50' lang='lat' dir='ltr'><strong>¹ri·</strong></span> 
     </span>
     <span class='ocr_line' id='line_1_3' title="bbox 210 695 1373 784; baseline 0.008 -22"><span class='ocrx_word' id='word_1_10' title='bbox 210 695 345 763; x_wconf 79' lang='lat' dir='ltr'><strong>debatur.</strong></span> <span class='ocrx_word' id='word_1_11' title='bbox 390 698 482 778; x_wconf 82' lang='lat' dir='ltr'><strong>Ratae</strong></span> <span class='ocrx_word' id='word_1_12' title='bbox 510 698 605 784; x_wconf 86' lang='lat' dir='ltr'><strong>igitur</strong></span> <span class='ocrx_word' id='word_1_13' title='bbox 635 697 793 762; x_wconf 86' lang='lat' dir='ltr'><strong>sclvuntur</strong></span> <span class='ocrx_word' id='word_1_14' title='bbox 800 725 809 776; x_wconf 83' lang='lat'>3</span> <span class='ocrx_word' id='word_1_15' title='bbox 840 706 919 764; x_wconf 89' lang='lat' dir='ltr'><strong>terra</strong></span> <span class='ocrx_word' id='word_1_16' title='bbox 951 722 1023 764; x_wconf 87' lang='lat' dir='ltr'><strong>vero</strong></span> <span class='ocrx_word' id='word_1_17' title='bbox 1045 700 1149 766; x_wconf 88' lang='lat' dir='ltr'><strong>relicta</strong></span> <span class='ocrx_word' id='word_1_18' title='bbox 1172 725 1259 770; x_wconf 87' lang='lat' dir='ltr'><strong>aurae</strong></span> <span class='ocrx_word' id='word_1_19' title='bbox 1284 727 1329 770; x_wconf 89' lang='lat' dir='ltr'><strong>se·</strong></span> <span class='ocrx_word' id='word_1_20' title='bbox 1353 717 1373 734; x_wconf 91' lang='grc'><strong>’·</strong></span> 
     </span>
     <span class='ocr_line' id='line_1_4' title="bbox 209 815 1328 904; baseline 0.007 -25"><span class='ocrx_word' id='word_1_21' title='bbox 209 815 337 892; x_wconf 89' lang='lat' dir='ltr'><strong>dantur,</strong></span> <span class='ocrx_word' id='word_1_22' title='bbox 372 839 500 902; x_wconf 88' lang='lat' dir='ltr'><strong>aequora</strong></span> <span class='ocrx_word' id='word_1_23' title='bbox 533 817 613 881; x_wconf 90' lang='lat' dir='ltr'><strong>lenta</strong></span> <span class='ocrx_word' id='word_1_24' title='bbox 642 817 741 881; x_wconf 88' lang='lat' dir='ltr'><strong>iacent</strong></span> <span class='ocrx_word' id='word_1_25' title='bbox 769 816 851 882; x_wconf 86' lang='lat' dir='ltr'><strong>coelo</strong></span> <span class='ocrx_word' id='word_1_26' title='bbox 885 817 1057 904; x_wconf 82' lang='lat' dir='ltr'><strong>languente.</strong></span> <span class='ocrx_word' id='word_1_27' title='bbox 1113 819 1328 888; x_wconf 86' lang='lat' dir='ltr'><strong>Pulcherrimis</strong></span> 
     </span>
     <span class='ocr_line' id='line_1_5' title="bbox 208 933 1328 1023; baseline 0.01 -27"><span class='ocrx_word' id='word_1_28' title='bbox 208 934 344 1000; x_wconf 86' lang='lat' dir='ltr'><strong>versibus</strong></span> <span class='ocrx_word' id='word_1_29' title='bbox 367 935 488 1021; x_wconf 83' lang='lat' dir='ltr'><strong>egregio</strong></span> <span class='ocrx_word' id='word_1_30' title='bbox 510 941 600 1022; x_wconf 88' lang='lat' dir='ltr'><strong>po&#39;e&#39;ta</strong></span> <span class='ocrx_word' id='word_1_31' title='bbox 622 933 722 1022; x_wconf 81' lang='lat' dir='ltr'>dignis</span> <span class='ocrx_word' id='word_1_32' title='bbox 745 935 887 1001; x_wconf 89' lang='lat' dir='ltr'><strong>Lucanus</strong></span> <span class='ocrx_word' id='word_1_33' title='bbox 909 939 1159 1023; x_wconf 81' lang='lat' dir='ltr'><strong>tranquillitatem</strong></span> <span class='ocrx_word' id='word_1_34' title='bbox 1183 947 1215 1006; x_wconf 90' lang='lat' dir='ltr'><strong>et</strong></span> <span class='ocrx_word' id='word_1_35' title='bbox 1230 943 1328 1009; x_wconf 90' lang='lat' dir='ltr'><strong>maris</strong></span> 
     </span>
     <span class='ocr_line' id='line_1_6' title="bbox 208 1053 1328 1145; baseline 0.007 -27"><span class='ocrx_word' id='word_1_36' title='bbox 208 1053 340 1138; x_wconf 89' lang='lat' dir='ltr'><strong>quietem</strong></span> <span class='ocrx_word' id='word_1_37' title='bbox 374 1053 526 1120; x_wconf 86' lang='lat' dir='ltr'><strong>describit.</strong></span> <span class='ocrx_word' id='word_1_38' title='bbox 572 1053 633 1130; x_wconf 88' lang='lat' dir='ltr'><strong>Sub</strong></span> <span class='ocrx_word' id='word_1_39' title='bbox 666 1055 746 1120; x_wconf 86' lang='lat' dir='ltr'><strong>diem</strong></span> <span class='ocrx_word' id='word_1_40' title='bbox 779 1055 863 1120; x_wconf 85' lang='lat' dir='ltr'><strong>venti</strong></span> <span class='ocrx_word' id='word_1_41' title='bbox 896 1056 1084 1140; x_wconf 86' lang='lat' dir='ltr'><strong>oriebantur,</strong></span> <span class='ocrx_word' id='word_1_42' title='bbox 1117 1059 1228 1145; x_wconf 89' lang='lat' dir='ltr'><strong>quibus</strong></span> <span class='ocrx_word' id='word_1_43' title='bbox 1250 1066 1328 1127; x_wconf 87' lang='lat' dir='ltr'><strong>rates</strong></span> 
     </span>
     <span class='ocr_line' id='line_1_7' title="bbox 206 1172 906 1260; baseline 0.006 -22"><span class='ocrx_word' id='word_1_44' title='bbox 206 1179 310 1259; x_wconf 82' lang='lat' dir='ltr'><strong>raptae</strong></span> <span class='ocrx_word' id='word_1_45' title='bbox 331 1195 403 1238; x_wconf 87' lang='lat' dir='ltr'><strong>mox</strong></span> <span class='ocrx_word' id='word_1_46' title='bbox 421 1173 459 1238; x_wconf 84' lang='lat' dir='ltr'><strong>ad</strong></span> <span class='ocrx_word' id='word_1_47' title='bbox 478 1172 635 1238; x_wconf 84' lang='lat' dir='ltr'><strong>Graeciam</strong></span> <span class='ocrx_word' id='word_1_48' title='bbox 657 1174 802 1260; x_wconf 81' lang='lat' dir='ltr'><strong>appulsae</strong></span> <span class='ocrx_word' id='word_1_49' title='bbox 826 1181 906 1243; x_wconf 87' lang='lat' dir='ltr'><strong>sunt.</strong></span> 
     </span>
    </p>

    <p class='ocr_par' dir='ltr' id='par_1_3' title="bbox 251 1292 1327 1384">
     <span class='ocr_line' id='line_1_8' title="bbox 251 1292 1327 1384; baseline 0.006 -28"><span class='ocrx_word' id='word_1_50' title='bbox 251 1292 311 1357; x_wconf 85' lang='lat' dir='ltr'><strong>Sed</strong></span> <span class='ocrx_word' id='word_1_51' title='bbox 332 1292 450 1358; x_wconf 83' lang='lat' dir='ltr'><strong>Caesari</strong></span> <span class='ocrx_word' id='word_1_52' title='bbox 474 1293 546 1358; x_wconf 87' lang='lat' dir='ltr'><strong>satis</strong></span> <span class='ocrx_word' id='word_1_53' title='bbox 570 1293 723 1378; x_wconf 88' lang='lat' dir='ltr'><strong>copiarum</strong></span> <span class='ocrx_word' id='word_1_54' title='bbox 745 1315 806 1359; x_wconf 90' lang='lat' dir='ltr'><strong>non</strong></span> <span class='ocrx_word' id='word_1_55' title='bbox 826 1301 906 1376; x_wconf 86' lang='lat' dir='ltr'><strong>erat,</strong></span> <span class='ocrx_word' id='word_1_56' title='bbox 927 1295 1038 1382; x_wconf 89' lang='lat' dir='ltr'><strong>quibus</strong></span> <span class='ocrx_word' id='word_1_57' title='bbox 1056 1297 1201 1384; x_wconf 88' lang='lat' dir='ltr'><strong>Pompeio</strong></span> <span class='ocrx_word' id='word_1_58' title='bbox 1216 1297 1327 1364; x_wconf 86' lang='lat' dir='ltr'><strong>bellum</strong></span> 
     </span>
    </p>
   </div>
   <div class='ocr_carea' id='block_1_3' title="bbox 205 1389 1326 1502">
    <p class='ocr_par' dir='ltr' id='par_1_4' title="bbox 205 1389 1326 1502">
     <span class='ocr_line' id='line_1_9' title="bbox 205 1389 1326 1502; baseline 0.006 -27"><span class='ocrx_word' id='word_1_59' title='bbox 205 1410 338 1476; x_wconf 83' lang='lat' dir='ltr'><strong>inferret.</strong></span> <span class='ocrx_word' id='word_1_60' title='bbox 383 1389 506 1476; x_wconf 84' lang='lat' dir='ltr'><strong>Marcus</strong></span> <span class='ocrx_word' id='word_1_61' title='bbox 536 1412 689 1477; x_wconf 81' lang='lat' dir='ltr'><strong>Antonius</strong></span> <span class='ocrx_word' id='word_1_62' title='bbox 719 1413 751 1477; x_wconf 95' lang='lat' dir='ltr'><strong>in</strong></span> <span class='ocrx_word' id='word_1_63' title='bbox 781 1413 870 1478; x_wconf 87' lang='lat' dir='ltr'><strong>Italia</strong></span> <span class='ocrx_word' id='word_1_64' title='bbox 901 1415 995 1502; x_wconf 84' lang='lat' dir='ltr'><strong>copiis</strong></span> <span class='ocrx_word' id='word_1_65' title='bbox 1025 1414 1084 1480; x_wconf 91' lang='lat' dir='ltr'><strong>iam</strong></span> <span class='ocrx_word' id='word_1_66' title='bbox 1116 1416 1326 1482; x_wconf 88' lang='lat' dir='ltr'><strong>deficientibus</strong></span> 
     </span>
    </p>
   </div>
   <div class='ocr_carea' id='block_1_4' title="bbox 194 1530 1376 4227">
    <p class='ocr_par' dir='ltr' id='par_1_5' title="bbox 200 1530 1355 2792">
     <span class='ocr_line' id='line_1_10' title="bbox 205 1530 1325 1616; baseline 0.004 -21"><span class='ocrx_word' id='word_1_67' title='bbox 205 1537 356 1616; x_wconf 80' lang='lat' dir='ltr'><strong>praeerat3</strong></span> <span class='ocrx_word' id='word_1_68' title='bbox 391 1531 500 1596; x_wconf 84' lang='lat' dir='ltr'><strong>frustra</strong></span> <span class='ocrx_word' id='word_1_69' title='bbox 530 1553 598 1596; x_wconf 92' lang='lat' dir='ltr'><strong>eum</strong></span> <span class='ocrx_word' id='word_1_70' title='bbox 629 1530 738 1598; x_wconf 81' lang='lat' dir='ltr'><strong>Caesar</strong></span> <span class='ocrx_word' id='word_1_71' title='bbox 768 1532 965 1611; x_wconf 86' lang='lat' dir='ltr'><strong>desideravit,</strong></span> <span class='ocrx_word' id='word_1_72' title='bbox 998 1534 1085 1600; x_wconf 91' lang='lat' dir='ltr'><strong>cuius</strong></span> <span class='ocrx_word' id='word_1_73' title='bbox 1116 1534 1264 1600; x_wconf 88' lang='lat' dir='ltr'><strong>adventus</strong></span> <span class='ocrx_word' id='word_1_74' title='bbox 1293 1535 1325 1600; x_wconf 87' lang='lat' dir='ltr'><strong>in</strong></span> 
     </span>
     <span class='ocr_line' id='line_1_11' title="bbox 204 1649 1325 1740; baseline 0.005 -27"><span class='ocrx_word' id='word_1_75' title='bbox 204 1649 284 1713; x_wconf 88' lang='lat' dir='ltr'><strong>diem</strong></span> <span class='ocrx_word' id='word_1_76' title='bbox 306 1649 428 1714; x_wconf 68' lang='lat' dir='ltr'><strong>⁴dilatus</strong></span> <span class='ocrx_word' id='word_1_77' title='bbox 458 1651 584 1738; x_wconf 90' lang='lat' dir='ltr'><strong>amplius</strong></span> <span class='ocrx_word' id='word_1_78' title='bbox 614 1650 780 1738; x_wconf 84' lang='lat' dir='ltr'><strong>exspectari</strong></span> <span class='ocrx_word' id='word_1_79' title='bbox 807 1674 869 1716; x_wconf 90' lang='lat' dir='ltr'><strong>non</strong></span> <span class='ocrx_word' id='word_1_80' title='bbox 891 1652 951 1718; x_wconf 90' lang='lat' dir='ltr'><strong>iam</strong></span> <span class='ocrx_word' id='word_1_81' title='bbox 974 1653 1086 1739; x_wconf 91' lang='lat' dir='ltr'><strong>potuit.</strong></span> <span class='ocrx_word' id='word_1_82' title='bbox 1131 1651 1239 1718; x_wconf 82' lang='lat' dir='ltr'><strong>caesar</strong></span> <span class='ocrx_word' id='word_1_83' title='bbox 1261 1653 1325 1740; x_wconf 85' lang='lat' dir='ltr'><strong>ipso</strong></span> 
     </span>
     <span class='ocr_line' id='line_1_12' title="bbox 204 1770 1355 1856; baseline 0.003 -22"><span class='ocrx_word' id='word_1_84' title='bbox 204 1770 364 1856; x_wconf 87' lang='lat' dir='ltr'><strong>impatiens</strong></span> <span class='ocrx_word' id='word_1_85' title='bbox 387 1793 486 1836; x_wconf 86' lang='lat' dir='ltr'><strong>morae</strong></span> <span class='ocrx_word' id='word_1_86' title='bbox 509 1793 562 1856; x_wconf 91' lang='lat' dir='ltr'><strong>per</strong></span> <span class='ocrx_word' id='word_1_87' title='bbox 584 1793 685 1836; x_wconf 90' lang='lat' dir='ltr'><strong>caecas</strong></span> <span class='ocrx_word' id='word_1_88' title='bbox 714 1770 850 1836; x_wconf 89' lang='lat' dir='ltr'><strong>tenebras</strong></span> <span class='ocrx_word' id='word_1_89' title='bbox 870 1794 901 1836; x_wconf 85' lang='lat' dir='ltr'><strong>ae</strong></span> <span class='ocrx_word' id='word_1_90' title='bbox 919 1772 996 1837; x_wconf 89' lang='lat' dir='ltr'><strong>mari</strong></span> <span class='ocrx_word' id='word_1_91' title='bbox 1015 1772 1133 1838; x_wconf 86' lang='lat' dir='ltr'><strong>credere</strong></span> <span class='ocrx_word' id='word_1_92' title='bbox 1150 1794 1240 1838; x_wconf 86' lang='lat' dir='ltr'><strong>ausus</strong></span> <span class='ocrx_word' id='word_1_93' title='bbox 1263 1779 1322 1854; x_wconf 85' lang='lat' dir='ltr'><strong>est,</strong></span> <span class='ocrx_word' id='word_1_94' title='bbox 1353 1793 1355 1798; x_wconf 79' lang='grc'>’</span> 
     </span>
     <span class='ocr_line' id='line_1_13' title="bbox 203 1888 1324 1977; baseline 0.004 -25"><span class='ocrx_word' id='word_1_95' title='bbox 203 1911 324 1974; x_wconf 86' lang='lat' dir='ltr'><strong>sperans</strong></span> <span class='ocrx_word' id='word_1_96' title='bbox 355 1890 417 1954; x_wconf 87' lang='lat' dir='ltr'><strong>lore</strong></span> <span class='ocrx_word' id='word_1_97' title='bbox 447 1894 482 1953; x_wconf 94' lang='lat' dir='ltr'><strong>ut</strong></span> <span class='ocrx_word' id='word_1_98' title='bbox 511 1889 639 1968; x_wconf 87' lang='lat' dir='ltr'><strong>fluctus,</strong></span> <span class='ocrx_word' id='word_1_99' title='bbox 670 1888 756 1953; x_wconf 83' lang='lat' dir='ltr'><strong>classi</strong></span> <span class='ocrx_word' id='word_1_100' title='bbox 788 1889 879 1954; x_wconf 87' lang='lat' dir='ltr'><strong>etiam</strong></span> <span class='ocrx_word' id='word_1_101' title='bbox 907 1890 1067 1972; x_wconf 86' lang='lat' dir='ltr'><strong>verendos,</strong></span> <span class='ocrx_word' id='word_1_102' title='bbox 1091 1890 1198 1977; x_wconf 80' lang='lat' dir='ltr'><strong>exigua</strong></span> <span class='ocrx_word' id='word_1_103' title='bbox 1223 1892 1324 1956; x_wconf 88' lang='lat' dir='ltr'><strong>carina</strong></span> 
     </span>
     <span class='ocr_line' id='line_1_14' title="bbox 203 2005 1323 2094; baseline 0.004 -24"><span class='ocrx_word' id='word_1_104' title='bbox 203 2012 363 2093; x_wconf 87' lang='lat' dir='ltr'><strong>superaret.</strong></span> <span class='ocrx_word' id='word_1_105' title='bbox 408 2005 435 2070; x_wconf 83' lang='grc' dir='ltr'>Ε</span> <span class='ocrx_word' id='word_1_106' title='bbox 473 2007 609 2072; x_wconf 88' lang='lat' dir='ltr'><strong>tentoriis</strong></span> <span class='ocrx_word' id='word_1_107' title='bbox 641 2006 736 2093; x_wconf 86' lang='lat' dir='ltr'><strong>igitur</strong></span> <span class='ocrx_word' id='word_1_108' title='bbox 773 2030 906 2094; x_wconf 85' lang='lat' dir='ltr'><strong>egressus</strong></span> <span class='ocrx_word' id='word_1_109' title='bbox 918 2059 927 2089; x_wconf 91' lang='lat'><strong><em>,</em></strong></span> <span class='ocrx_word' id='word_1_110' title='bbox 961 2009 1035 2074; x_wconf 92' lang='lat' dir='ltr'><strong>clam</strong></span> <span class='ocrx_word' id='word_1_111' title='bbox 1067 2009 1323 2075; x_wconf 84' lang='lat' dir='ltr'><strong>commilitonibus</strong></span> 
     </span>
     <span class='ocr_line' id='line_1_15' title="bbox 203 2127 1323 2213; baseline 0.001 -20"><span class='ocrx_word' id='word_1_112' title='bbox 203 2129 303 2194; x_wconf 86' lang='lat' dir='ltr'><strong>carina</strong></span> <span class='ocrx_word' id='word_1_113' title='bbox 344 2128 480 2213; x_wconf 89' lang='lat' dir='ltr'><strong>quaesita</strong></span> <span class='ocrx_word' id='word_1_114' title='bbox 519 2133 642 2192; x_wconf 90' lang='lat' dir='ltr'><strong>nautam</strong></span> <span class='ocrx_word' id='word_1_115' title='bbox 680 2149 696 2191; x_wconf 89' lang='lat' dir='ltr'><strong>e</strong></span> <span class='ocrx_word' id='word_1_116' title='bbox 730 2149 837 2191; x_wconf 89' lang='lat' dir='ltr'><strong>somno</strong></span> <span class='ocrx_word' id='word_1_117' title='bbox 871 2127 1000 2207; x_wconf 85' lang='lat' dir='ltr'><strong>excitat,</strong></span> <span class='ocrx_word' id='word_1_118' title='bbox 1044 2127 1096 2212; x_wconf 91' lang='lat' dir='ltr'><strong>qui</strong></span> <span class='ocrx_word' id='word_1_119' title='bbox 1130 2149 1161 2192; x_wconf 86' lang='lat' dir='ltr'><strong>se</strong></span> <span class='ocrx_word' id='word_1_120' title='bbox 1194 2127 1323 2194; x_wconf 43' lang='lat' dir='ltr'><strong>inflia-</strong></span> 
     </span>
     <span class='ocr_line' id='line_1_16' title="bbox 201 2245 1323 2332; baseline 0 -20"><span class='ocrx_word' id='word_1_121' title='bbox 201 2249 273 2313; x_wconf 91' lang='lat' dir='ltr'><strong>liam</strong></span> <span class='ocrx_word' id='word_1_122' title='bbox 314 2248 413 2313; x_wconf 84' lang='lat' dir='ltr'><strong>vehat.</strong></span> <span class='ocrx_word' id='word_1_123' title='bbox 469 2245 589 2312; x_wconf 89' lang='lat' dir='ltr'><strong>Invitus</strong></span> <span class='ocrx_word' id='word_1_124' title='bbox 627 2245 654 2309; x_wconf 91' lang='lat' dir='ltr'><strong>is</strong></span> <span class='ocrx_word' id='word_1_125' title='bbox 689 2245 812 2310; x_wconf 84' lang='lat' dir='ltr'><strong>Caesari</strong></span> <span class='ocrx_word' id='word_1_126' title='bbox 845 2267 959 2310; x_wconf 87' lang='lat' dir='ltr'><strong>morem</strong></span> <span class='ocrx_word' id='word_1_127' title='bbox 992 2246 1088 2332; x_wconf 84' lang='lat' dir='ltr'><strong>gerit:</strong></span> <span class='ocrx_word' id='word_1_128' title='bbox 1125 2245 1189 2310; x_wconf 89' lang='lat' dir='ltr'><strong>vela</strong></span> <span class='ocrx_word' id='word_1_129' title='bbox 1224 2247 1323 2312; x_wconf 87' lang='lat' dir='ltr'><strong>ventis</strong></span> 
     </span>
     <span class='ocr_line' id='line_1_17' title="bbox 201 2361 1320 2454; baseline 0 -22"><span class='ocrx_word' id='word_1_130' title='bbox 201 2367 367 2454; x_wconf 88' lang='lat' dir='ltr'><strong>permittit,</strong></span> <span class='ocrx_word' id='word_1_131' title='bbox 391 2366 464 2430; x_wconf 91' lang='lat' dir='ltr'><strong>licet</strong></span> <span class='ocrx_word' id='word_1_132' title='bbox 493 2369 655 2450; x_wconf 87' lang='lat' dir='ltr'><strong>tempestas</strong></span> <span class='ocrx_word' id='word_1_133' title='bbox 686 2363 810 2430; x_wconf 89' lang='lat' dir='ltr'><strong>oriatur.</strong></span> <span class='ocrx_word' id='word_1_134' title='bbox 851 2363 933 2430; x_wconf 90' lang='lat' dir='ltr'><strong>Nam</strong></span> <span class='ocrx_word' id='word_1_135' title='bbox 960 2361 1081 2446; x_wconf 79' lang='lat' dir='ltr'><strong>Caesar,</strong></span> <span class='ocrx_word' id='word_1_136' title='bbox 1106 2366 1237 2438; x_wconf 86' lang='lat' dir='ltr'><strong>confisus</strong></span> <span class='ocrx_word' id='word_1_137' title='bbox 1260 2365 1320 2432; x_wconf 92' lang='lat' dir='ltr'><strong>sibi</strong></span> 
     </span>
     <span class='ocr_line' id='line_1_18' title="bbox 202 2484 1322 2572; baseline 0 -21"><span class='ocrx_word' id='word_1_138' title='bbox 202 2486 302 2551; x_wconf 88' lang='lat' dir='ltr'><strong>omnia</strong></span> <span class='ocrx_word' id='word_1_139' title='bbox 342 2485 475 2572; x_wconf 90' lang='lat' dir='ltr'><strong>pericula</strong></span> <span class='ocrx_word' id='word_1_140' title='bbox 516 2507 649 2564; x_wconf 87' lang='lat' dir='ltr'><strong>cessura,</strong></span> <span class='ocrx_word' id='word_1_141' title='bbox 691 2489 815 2549; x_wconf 92' lang='lat' dir='ltr'><strong>nautam</strong></span> <span class='ocrx_word' id='word_1_142' title='bbox 850 2484 995 2550; x_wconf 88' lang='lat' dir='ltr'><strong>minacem</strong></span> <span class='ocrx_word' id='word_1_143' title='bbox 1029 2489 1151 2570; x_wconf 89' lang='lat' dir='ltr'><strong>pontem</strong></span> <span class='ocrx_word' id='word_1_144' title='bbox 1186 2507 1322 2571; x_wconf 87' lang='lat' dir='ltr'><strong>spernere</strong></span> 
     </span>
     <span class='ocr_line' id='line_1_19' title="bbox 201 2595 1321 2692; baseline 0.001 -23"><span class='ocrx_word' id='word_1_145' title='bbox 201 2605 284 2672; x_wconf 91' lang='lat' dir='ltr'><strong>iubet</strong></span> <span class='ocrx_word' id='word_1_146' title='bbox 290 2633 299 2687; x_wconf 90' lang='lat'>;</span> <span class='ocrx_word' id='word_1_147' title='bbox 333 2608 444 2692; x_wconf 86' lang='lat' dir='ltr'><strong>puppis</strong></span> <span class='ocrx_word' id='word_1_148' title='bbox 478 2605 542 2691; x_wconf 84' lang='lat' dir='ltr'><strong>ipae</strong></span> <span class='ocrx_word' id='word_1_149' title='bbox 571 2595 668 2670; x_wconf 83' lang='lat' dir='ltr'><strong>ferens</strong></span> <span class='ocrx_word' id='word_1_150' title='bbox 690 2605 845 2671; x_wconf 85' lang='lat' dir='ltr'><strong>Caesarem</strong></span> <span class='ocrx_word' id='word_1_151' title='bbox 867 2626 942 2668; x_wconf 92' lang='lat' dir='ltr'><strong>onus</strong></span> <span class='ocrx_word' id='word_1_152' title='bbox 965 2625 1055 2668; x_wconf 91' lang='lat' dir='ltr'><strong>suum</strong></span> <span class='ocrx_word' id='word_1_153' title='bbox 1079 2627 1096 2668; x_wconf 91' lang='lat' dir='ltr'><strong>a</strong></span> <span class='ocrx_word' id='word_1_154' title='bbox 1117 2605 1265 2670; x_wconf 86' lang='lat' dir='ltr'><strong>fluctuum</strong></span> <span class='ocrx_word' id='word_1_155' title='bbox 1288 2605 1321 2670; x_wconf 86' lang='lat' dir='ltr'><strong>vi</strong></span> 
     </span>
     <span class='ocr_line' id='line_1_20' title="bbox 200 2724 348 2792; baseline -0.007 -2"><span class='ocrx_word' id='word_1_156' title='bbox 200 2724 348 2792; x_wconf 80' lang='lat' dir='ltr'><strong>defendet.</strong></span> 
     </span>
    </p>

    <p class='ocr_par' dir='ltr' id='par_1_6' title="bbox 197 2841 1376 3290">
     <span class='ocr_line' id='line_1_21' title="bbox 243 2841 1316 2932; baseline -0.001 -23"><span class='ocrx_word' id='word_1_157' title='bbox 243 2845 318 2932; x_wconf 85' lang='lat' dir='ltr'><strong>Spes</strong></span> <span class='ocrx_word' id='word_1_158' title='bbox 339 2851 440 2909; x_wconf 90' lang='lat' dir='ltr'><strong>tamen</strong></span> <span class='ocrx_word' id='word_1_159' title='bbox 458 2843 614 2909; x_wconf 81' lang='lat' dir='ltr'><strong>Gaesarem</strong></span> <span class='ocrx_word' id='word_1_160' title='bbox 634 2843 747 2911; x_wconf 84' lang='lat' dir='ltr'><strong>fefellit.</strong></span> <span class='ocrx_word' id='word_1_161' title='bbox 785 2843 947 2908; x_wconf 87' lang='lat' dir='ltr'><strong>Immemor</strong></span> <span class='ocrx_word' id='word_1_162' title='bbox 959 2841 1140 2908; x_wconf 85' lang='lat' dir='ltr'><strong>Graecorum</strong></span> <span class='ocrx_word' id='word_1_163' title='bbox 1152 2842 1316 2929; x_wconf 79' lang='lat' dir='ltr'><strong>proverbiir</strong></span> 
     </span>
     <span class='ocr_line' id='line_1_22' title="bbox 198 2961 1316 3048; baseline -0.003 -20"><span class='ocrx_word' id='word_1_164' title='bbox 198 2965 223 3028; x_wconf 81' lang='grc' dir='ltr'><strong>οἱ</strong></span> <span class='ocrx_word' id='word_1_165' title='bbox 253 2968 307 3028; x_wconf 79' lang='grc' dir='ltr'><strong>τοῦ</strong></span> <span class='ocrx_word' id='word_1_166' title='bbox 327 2963 445 3044; x_wconf 79' lang='grc' dir='ltr'><em>λύχνου</em></span> <span class='ocrx_word' id='word_1_167' title='bbox 468 2962 578 3044; x_wconf 75' lang='grc' dir='ltr'><em>χρείαν</em></span> <span class='ocrx_word' id='word_1_168' title='bbox 601 2961 743 3045; x_wconf 75' lang='grc' dir='ltr'><em>ἔχοντες,</em></span> <span class='ocrx_word' id='word_1_169' title='bbox 766 2962 868 3028; x_wconf 68' lang='grc' dir='ltr'><strong>ἔλαιον</strong></span> <span class='ocrx_word' id='word_1_170' title='bbox 893 2962 1069 3044; x_wconf 76' lang='grc' dir='ltr'><strong><em>ἑπιχέουσι,</em></strong></span> <span class='ocrx_word' id='word_1_171' title='bbox 1094 2985 1200 3027; x_wconf 88' lang='lat' dir='ltr'><strong>navem</strong></span> <span class='ocrx_word' id='word_1_172' title='bbox 1222 2963 1316 3048; x_wconf 92' lang='lat' dir='ltr'><strong>impa-</strong></span> 
     </span>
     <span class='ocr_line' id='line_1_23' title="bbox 198 3080 1376 3168; baseline -0.003 -20"><span class='ocrx_word' id='word_1_173' title='bbox 198 3105 259 3148; x_wconf 88' lang='lat' dir='ltr'><strong>rem</strong></span> <span class='ocrx_word' id='word_1_174' title='bbox 286 3083 376 3148; x_wconf 87' lang='lat' dir='ltr'><strong>undis</strong></span> <span class='ocrx_word' id='word_1_175' title='bbox 405 3083 595 3162; x_wconf 61' lang='lat' dir='ltr'><strong>adhibueram</strong></span> <span class='ocrx_word' id='word_1_176' title='bbox 623 3083 668 3147; x_wconf 85' lang='lat' dir='ltr'><strong>vis</strong></span> <span class='ocrx_word' id='word_1_177' title='bbox 694 3085 841 3148; x_wconf 88' lang='lat' dir='ltr'><strong>fluctuum</strong></span> <span class='ocrx_word' id='word_1_178' title='bbox 871 3087 1046 3168; x_wconf 87' lang='lat' dir='ltr'><strong>tempestate</strong></span> <span class='ocrx_word' id='word_1_179' title='bbox 1071 3093 1159 3146; x_wconf 86' lang='lat' dir='ltr'><strong>aucta</strong></span> <span class='ocrx_word' id='word_1_180' title='bbox 1183 3080 1315 3146; x_wconf 86' lang='lat' dir='ltr'><strong>carinam</strong></span> <span class='ocrx_word' id='word_1_181' title='bbox 1374 3161 1376 3166; x_wconf 21' lang='grc' dir='ltr'>Ι</span> 
     </span>
     <span class='ocr_line' id='line_1_24' title="bbox 197 3201 702 3290; baseline 0 -22"><span class='ocrx_word' id='word_1_182' title='bbox 197 3202 308 3290; x_wconf 90' lang='lat' dir='ltr'><strong>repulit</strong></span> <span class='ocrx_word' id='word_1_183' title='bbox 329 3211 420 3288; x_wconf 89' lang='lat' dir='ltr'><strong>atque</strong></span> <span class='ocrx_word' id='word_1_184' title='bbox 442 3201 538 3268; x_wconf 90' lang='lat' dir='ltr'><strong>littori</strong></span> <span class='ocrx_word' id='word_1_185' title='bbox 559 3203 702 3288; x_wconf 83' lang='lat' dir='ltr'><strong>impegit:</strong></span> 
     </span>
    </p>

    <p class='ocr_par' dir='ltr' id='par_1_7' title="bbox 393 3319 1131 3528">
     <span class='ocr_line' id='line_1_25' title="bbox 618 3319 1131 3408; baseline -0.004 -22"><span class='ocrx_word' id='word_1_186' title='bbox 618 3321 734 3386; x_wconf 89' lang='lat' dir='ltr'><strong>Pariter</strong></span> <span class='ocrx_word' id='word_1_187' title='bbox 756 3327 804 3387; x_wconf 91' lang='lat' dir='ltr'><strong>tot</strong></span> <span class='ocrx_word' id='word_1_188' title='bbox 826 3344 935 3408; x_wconf 87' lang='lat' dir='ltr'><strong>regna,</strong></span> <span class='ocrx_word' id='word_1_189' title='bbox 959 3326 1005 3384; x_wconf 94' lang='lat' dir='ltr'><strong>tot</strong></span> <span class='ocrx_word' id='word_1_190' title='bbox 1028 3319 1131 3399; x_wconf 88' lang='lat' dir='ltr'><strong>urbes,</strong></span> 
     </span>
     <span class='ocr_line' id='line_1_26' title="bbox 393 3438 1113 3528; baseline -0.006 -22"><span class='ocrx_word' id='word_1_191' title='bbox 393 3441 618 3528; x_wconf 79' lang='lat' dir='ltr'><strong>Fortunamque</strong></span> <span class='ocrx_word' id='word_1_192' title='bbox 640 3463 738 3521; x_wconf 86' lang='lat' dir='ltr'><strong>auam,</strong></span> <span class='ocrx_word' id='word_1_193' title='bbox 762 3445 842 3506; x_wconf 89' lang='lat' dir='ltr'><strong>tacta</strong></span> <span class='ocrx_word' id='word_1_194' title='bbox 864 3439 968 3505; x_wconf 87' lang='lat' dir='ltr'><strong>tellure</strong></span> <span class='ocrx_word' id='word_1_195' title='bbox 990 3438 1113 3524; x_wconf 86' lang='lat' dir='ltr'><strong>recepit.</strong></span> 
     </span>
    </p>

    <p class='ocr_par' dir='ltr' id='par_1_8' title="bbox 194 3556 1335 4227">
     <span class='ocr_line' id='line_1_27' title="bbox 233 3556 1310 3645; baseline -0.004 -19"><span class='ocrx_word' id='word_1_196' title='bbox 233 3561 307 3626; x_wconf 90' lang='lat' dir='ltr'><strong>Non</strong></span> <span class='ocrx_word' id='word_1_197' title='bbox 330 3566 393 3625; x_wconf 92' lang='lat' dir='ltr'><strong>tam</strong></span> <span class='ocrx_word' id='word_1_198' title='bbox 414 3583 548 3626; x_wconf 84' lang='lat' dir='ltr'><strong>remeans</strong></span> <span class='ocrx_word' id='word_1_199' title='bbox 571 3583 661 3645; x_wconf 90' lang='lat' dir='ltr'><strong>quam</strong></span> <span class='ocrx_word' id='word_1_200' title='bbox 684 3566 781 3624; x_wconf 88' lang='lat' dir='ltr'><strong>castra</strong></span> <span class='ocrx_word' id='word_1_201' title='bbox 803 3560 990 3644; x_wconf 88' lang='lat' dir='ltr'><strong>relinquens,</strong></span> <span class='ocrx_word' id='word_1_202' title='bbox 1015 3556 1310 3622; x_wconf 82' lang='lat' dir='ltr'><strong>comitasGacsarf·</strong></span> 
     </span>
     <span class='ocr_line' id='line_1_28' title="bbox 195 3677 1311 3764; baseline -0.003 -18"><span class='ocrx_word' id='word_1_203' title='bbox 195 3681 282 3747; x_wconf 84' lang='lat' dir='ltr'><strong>follit.</strong></span> <span class='ocrx_word' id='word_1_204' title='bbox 327 3680 408 3745; x_wconf 88' lang='lat' dir='ltr'><strong>Duoi</strong></span> <span class='ocrx_word' id='word_1_205' title='bbox 442 3680 597 3745; x_wconf 87' lang='lat' dir='ltr'><strong>audaciam</strong></span> <span class='ocrx_word' id='word_1_206' title='bbox 631 3679 780 3745; x_wconf 90' lang='lat' dir='ltr'><strong>obiiciunt</strong></span> <span class='ocrx_word' id='word_1_207' title='bbox 812 3687 902 3764; x_wconf 89' lang='lat' dir='ltr'><strong>atque</strong></span> <span class='ocrx_word' id='word_1_208' title='bbox 932 3679 1130 3744; x_wconf 87' lang='lat' dir='ltr'><strong>temeritatem</strong></span> <span class='ocrx_word' id='word_1_209' title='bbox 1154 3677 1311 3762; x_wconf 87' lang='lat' dir='ltr'><strong>reprehen-</strong></span> 
     </span>
     <span class='ocr_line' id='line_1_29' title="bbox 195 3776 1311 3886; baseline -0.004 -22"><span class='ocrx_word' id='word_1_210' title='bbox 195 3799 281 3867; x_wconf 86' lang='lat' dir='ltr'><strong>dunt.</strong></span> <span class='ocrx_word' id='word_1_211' title='bbox 320 3799 461 3880; x_wconf 78' lang='lat' dir='ltr'><strong>Quonam</strong></span> <span class='ocrx_word' id='word_1_212' title='bbox 484 3821 552 3864; x_wconf 89' lang='lat' dir='ltr'><strong>eum</strong></span> <span class='ocrx_word' id='word_1_213' title='bbox 570 3776 666 3864; x_wconf 83' lang='lat' dir='ltr'><strong>virtus</strong></span> <span class='ocrx_word' id='word_1_214' title='bbox 685 3799 841 3866; x_wconf 88' lang='lat' dir='ltr'><strong>temeraria</strong></span> <span class='ocrx_word' id='word_1_215' title='bbox 863 3798 1012 3886; x_wconf 87' lang='lat' dir='ltr'><strong>pepulerit</strong></span> <span class='ocrx_word' id='word_1_216' title='bbox 1035 3801 1191 3882; x_wconf 86' lang='lat' dir='ltr'><strong>quaerunt.</strong></span> <span class='ocrx_word' id='word_1_217' title='bbox 1226 3795 1311 3876; x_wconf 77' lang='lat' dir='ltr'><strong>Quid</strong></span> 
     </span>
     <span class='ocr_line' id='line_1_30' title="bbox 195 3916 1335 4005; baseline -0.003 -23"><span class='ocrx_word' id='word_1_218' title='bbox 195 3924 351 4005; x_wconf 89' lang='lat' dir='ltr'><strong>tantopere</strong></span> <span class='ocrx_word' id='word_1_219' title='bbox 373 3919 498 3984; x_wconf 89' lang='lat' dir='ltr'><strong>numina</strong></span> <span class='ocrx_word' id='word_1_220' title='bbox 519 3918 670 3984; x_wconf 80' lang='lat' dir='ltr'><strong>tendenda</strong></span> <span class='ocrx_word' id='word_1_221' title='bbox 692 3919 782 3983; x_wconf 80' lang='lat' dir='ltr'><strong>sunt?</strong></span> <span class='ocrx_word' id='word_1_222' title='bbox 806 3917 893 3982; x_wconf 90' lang='lat' dir='ltr'><strong>Num</strong></span> <span class='ocrx_word' id='word_1_223' title='bbox 916 3917 959 3982; x_wconf 90' lang='lat' dir='ltr'><strong>dii</strong></span> <span class='ocrx_word' id='word_1_224' title='bbox 982 3939 1051 3982; x_wconf 89' lang='lat' dir='ltr'><strong>eum</strong></span> <span class='ocrx_word' id='word_1_225' title='bbox 1074 3921 1258 3996; x_wconf 84' lang='lat' dir='ltr'><strong>serrassent,</strong></span> <span class='ocrx_word' id='word_1_226' title='bbox 1283 3916 1309 3979; x_wconf 91' lang='lat' dir='ltr'><strong>si</strong></span> <span class='ocrx_word' id='word_1_227' title='bbox 1333 3986 1335 3999; x_wconf 17' lang='lat' dir='ltr'><strong>p</strong></span> 
     </span>
     <span class='ocr_line' id='line_1_31' title="bbox 195 4034 1309 4120; baseline -0.005 -16"><span class='ocrx_word' id='word_1_228' title='bbox 195 4062 253 4104; x_wconf 91' lang='lat' dir='ltr'><strong>non</strong></span> <span class='ocrx_word' id='word_1_229' title='bbox 281 4043 425 4103; x_wconf 88' lang='lat' dir='ltr'><strong>rectorem</strong></span> <span class='ocrx_word' id='word_1_230' title='bbox 453 4038 546 4120; x_wconf 89' lang='lat' dir='ltr'><strong>orbis,</strong></span> <span class='ocrx_word' id='word_1_231' title='bbox 572 4039 725 4104; x_wconf 86' lang='lat' dir='ltr'><strong>dominum</strong></span> <span class='ocrx_word' id='word_1_232' title='bbox 746 4061 860 4118; x_wconf 88' lang='lat' dir='ltr'><strong>rerum,</strong></span> <span class='ocrx_word' id='word_1_233' title='bbox 884 4036 936 4102; x_wconf 87' lang='lat' dir='ltr'><strong>sed</strong></span> <span class='ocrx_word' id='word_1_234' title='bbox 958 4035 1111 4102; x_wconf 84' lang='lat' dir='ltr'><strong>infelicem</strong></span> <span class='ocrx_word' id='word_1_235' title='bbox 1133 4034 1309 4120; x_wconf 80' lang='lat' dir='ltr'><strong>naufragum</strong></span> 
     </span>
     <span class='ocr_line' id='line_1_32' title="bbox 194 4157 559 4227; baseline -0.008 -1"><span class='ocrx_word' id='word_1_236' title='bbox 194 4181 263 4227; x_wconf 87' lang='lat' dir='ltr'><strong>eum</strong></span> <span class='ocrx_word' id='word_1_237' title='bbox 285 4180 349 4224; x_wconf 87' lang='lat' dir='ltr'><strong>ease</strong></span> <span class='ocrx_word' id='word_1_238' title='bbox 371 4157 559 4224; x_wconf 77' lang='lat' dir='ltr'><strong>voluissent?</strong></span> 
     </span>
    </p>
   </div>
   <div class='ocr_carea' id='block_1_5' title="bbox 0 0 1658 5138">
    <p class='ocr_par' dir='ltr' id='par_1_9' title="bbox 0 0 1658 5138">
     <span class='ocr_line' id='line_1_33' title="bbox 0 0 1658 5138; baseline 0 7"><span class='ocrx_word' id='word_1_239' title='bbox 0 0 1658 5138; x_wconf 95' lang='lat' dir='ltr'><strong> </strong></span> 
     </span>
    </p>
   </div>
  </div>
 </body>
</html>
