3296 5132
876 364 917 427 46

395 631 396 634 ,
446 572 513 637 Stat
537 593 624 636 cruor
646 572 677 636 in
702 571 836 657 templis,
857 571 1012 656 multaque
1035 571 1172 636 rubentia
1196 571 1285 636 caede

426 689 574 772 ¹Lubrica
598 712 670 754 saxa
692 689 824 755 madent.
869 689 958 754 Nulli
981 713 1035 753 sua
1058 689 1173 775 profuit
1195 696 1287 754 aetas.

378 807 462 888 Quid
497 832 599 873 omnes
633 833 650 873 a
686 816 776 895 poeta
805 816 990 874 enumeratas
1014 809 1117 872 caedes
1140 809 1321 874 reseremus?
1345 805 1454 890 Neque

333 925 489 992 Lucanum
519 928 650 992 secuturi
683 951 787 992 sumus
818 928 850 992 in
881 927 1052 994 enarrandis
1083 927 1207 990 victoris
1241 927 1342 991 Sullae
1365 928 1455 990 scele-

335 1044 417 1109 ribus
447 1047 603 1134 sanguinis
630 1047 737 1133 plenis
785 1046 852 1112 Hoc
875 1053 995 1112 tantum
1025 1047 1169 1112 sufficiat:
1196 1047 1250 1110 flos
1278 1046 1384 1110 ltaliae
1409 1048 1457 1131 (ut

335 1170 423 1248 poeta
442 1144 537 1244 dicit,
564 1165 666 1244 ''Latii
689 1167 751 1230 iam
775 1166 835 1230 sola
854 1165 1031 1251 iuventus'')
1042 1217 1050 1246 ,
1069 1173 1143 1246 tunc
1163 1166 1295 1230 concidit
1314 1172 1342 1229 et
1356 1164 1457 1230 Ovilia

337 1281 518 1348 miserrimae
542 1283 655 1348 Romae
679 1285 825 1369 sanguine
849 1284 1037 1370 inquinabat.
1083 1283 1169 1348 Num
1193 1283 1274 1348 Sulla
1298 1283 1345 1347 his
1368 1284 1457 1376 rebus
1512 1323 1519 1338 ·

334 1401 427 1488 gestis
453 1403 536 1468 Felix
562 1404 662 1468 vocari
686 1403 813 1484 meruit,
838 1409 868 1468 et
892 1403 949 1468 sibi
973 1403 1072 1468 medio
1097 1403 1211 1489 Campo
1231 1403 1333 1467 tollere
1357 1409 1456 1466 tumu-

334 1523 419 1588 lum?
446 1523 519 1586 Mox
542 1545 717 1608 responsum
740 1522 817 1586 mihi
842 1523 997 1607 quaerenti
1021 1523 1089 1586 dare
1112 1521 1243 1607 poteris,
1268 1545 1336 1585 nam
1355 1543 1457 1586 rursus

335 1643 408 1708 haec
431 1641 530 1707 omnia
554 1643 693 1728 patienda
716 1641 897 1722 erunt31hic
922 1641 1015 1705 stabit
1038 1641 1138 1706 exitus
1162 1641 1301 1706 civilibus
1324 1643 1425 1708 armis

372 1747 430 1827 ‘Sic
453 1783 555 1842 seneS,
581 1785 724 1827 memores
747 1759 920 1848 praeteriti,
945 1761 1039 1826 luturi
1063 1767 1230 1826 metuentes
1254 1767 1430 1846 queruntur.

382 1883 453 1949 Non
478 1884 613 1948 omnium
640 1889 741 1946 autem
764 1881 857 1945 enimi
880 1881 983 1945 fracti:
1008 1880 1121 1946 Brutus
1146 1882 1354 1964 magnanimus
1377 1882 1459 1946 nulla

340 2003 499 2068 formidine
535 2009 636 2066 motus
672 1999 835 2065 consilium
870 1999 907 2064 ab
940 1999 1037 2064 amico
1071 2006 1195 2085 paterno
1231 2000 1345 2064 Catone
1368 2001 1457 2086 petit,

341 2121 429 2185 cuius
458 2120 580 2185 domum
612 2125 702 2184 noctu
735 2095 923 2186 soconda.
970 2117 1095 2184 Invenit
1126 2119 1224 2183 virum
1246 2120 1392 2184 illustrem
1416 2142 1459 2184 se·

341 2261 447 2304 curum
474 2240 539 2319 sui,
564 2240 626 2303 fata
649 2245 748 2303 antem
773 2237 855 2302 urbis
878 2241 1066 2317 volventem,
1092 2237 1269 2322 cunctisque
1292 2239 1459 2302 timentem.

340 2361 455 2424 Brutus
477 2365 512 2423 ut
535 2357 667 2421 animum
691 2379 780 2420 suurn
803 2357 900 2420 firmet
922 2361 1025 2442 rogat:
1052 2357 1148 2434 „Cato
1176 2355 1237 2420 dux
1260 2356 1357 2420 Bruto
1377 2356 1461 2421 solus

339 2479 405 2543 erit.
452 2477 557 2542 Alium
593 2475 668 2540 alias
699 2496 804 2540 causas
836 2475 868 2539 in
899 2474 1009 2538 bellum
1042 2475 1216 2538 sceleratum
1243 2497 1345 2561 rapere
1369 2476 1444 2540 dicit
1452 2503 1460 2555 ;

341 2597 453 2661 mihine
484 2593 537 2659 uni
569 2594 647 2660 bella
673 2617 780 2679 perse
804 2593 944 2678 placent?
969 2594 1059 2674 Quod
1084 2616 1177 2677 quum
1201 2594 1244 2658 ita
1267 2601 1360 2674 esset,
1386 2594 1462 2659 bella

343 2736 390 2786 me
414 2721 569 2779 nocentem
594 2714 761 2779 redderent.
807 2713 917 2778 Melius
940 2713 1066 2777 sortasse
1087 2714 1461 2799 sinearmistranquillum

341 2833 439 2898 otium
461 2833 568 2920 agere?
595 2831 823 2916 Nescioquam
847 2839 961 2918 partem
985 2854 1103 2914 sequar.
1134 2833 1180 2895 Tu
1204 2831 1293 2913 (lato,
1318 2834 1463 2920 responde

343 2961 373 3016 et
407 2950 562 3017 consule.”
599 2950 674 3014 Cato
706 2951 819 3016 fatetur
853 2950 929 3015 bella
964 2951 1066 3014 civilia
1100 2973 1250 3015 summum
1284 2953 1367 3016 nefas
1390 2977 1463 3020 esse.

343 3069 400 3134 Sed
425 3071 569 3134 virtutem
591 3091 724 3134 securam
748 3071 832 3153 sequi
857 3077 975 3155 oportet
999 3091 1060 3153 quo
1084 3069 1146 3134 fata
1169 3071 1305 3137 trahunt.
1336 3071 1368 3136 Si
1387 3071 1463 3136 Ceto

343 3212 453 3256 nocens
481 3189 579 3254 factus
610 3189 681 3267 erit,
719 3211 780 3252 non
811 3211 881 3269 sua,
916 3188 969 3252 sed
997 3187 1121 3252 deorum
1145 3189 1233 3274 culpa
1256 3179 1317 3257 fiet.
1363 3189 1465 3270 Quam

345 3310 383 3376 ob
413 3331 476 3374 rem
506 3307 582 3373 Cato
609 3308 690 3372 solus
714 3307 810 3371 otium
834 3307 954 3392 ageret?
983 3307 1066 3371 nefas
1089 3315 1168 3372 esset
1191 3307 1301 3374 bellum
1328 3309 1466 3374 fraudare

344 3450 400 3492 suo
435 3427 591 3513 sanguine.
637 3425 665 3490 Ο
700 3426 816 3490 utinam
852 3425 910 3490 sibi
934 3425 1053 3505 liceret,
1078 3426 1136 3490 hoc
1160 3435 1250 3512 caput
1274 3429 1306 3493 iu
1330 3430 1467 3494 omnium

344 3568 455 3632 poenas
478 3546 655 3610 demnatum
679 3563 842 3630 exponere:
863 3543 992 3607 libenter
1013 3529 1138 3629 pervius*
1152 3546 1264 3628 hastis,
1289 3547 1364 3612 Ceto
1388 3549 1468 3613 exci-

344 3672 429 3752 peret
464 3667 565 3729 omnia
600 3663 671 3729 belli
708 3664 845 3728 vulnera:
881 3686 935 3727 suo
970 3665 1115 3750 sanguine
1149 3666 1290 3751 populum
1322 3668 1469 3733 redimere

346 3783 452 3859 vellet,
476 3782 598 3867 iugulas
621 3805 692 3848 suus
718 3805 820 3868 pacem
846 3780 986 3846 omnibus
1005 3805 1102 3846 caram
1118 3790 1209 3868 atque
1221 3792 1353 3872 optatam
1368 3787 1452 3852 daret
1460 3816 1469 3868 3

346 3901 460 3965 frustra
494 3900 573 3964 enim
608 3899 687 3986 leges
722 3906 752 3964 et
785 3900 887 3964 inania
919 3901 983 3964 iura
1007 3901 1084 3964 tueri
1107 3909 1241 3969 conatur.
1289 3905 1470 3992 Pompeuim

345 4025 445 4084 autem
463 4017 593 4084 Brutum
618 4018 705 4102 sequi
727 4018 811 4083 iubet
821 4042 831 4097 ;
847 4040 903 4082 nec
927 4019 979 4082 ille
1003 4019 1140 4102 quidem,
1159 4022 1185 4087 si
1203 4023 1324 4089 fortuna
1341 4025 1470 4108 favebit,

348 4136 490 4203 manibus
514 4135 551 4202 ab
580 4137 705 4222 imperio
729 4136 880 4202 abstinere
901 4137 1028 4222 poterit:
