3308 5138
829 411 891 474 124

298 618 418 700 geratus
450 634 570 679 cursum
600 619 682 679 tenet
721 613 833 680 Chium
869 639 989 701 versus,
1029 643 1089 706 quo
1123 622 1212 690 turha
1246 634 1416 692 senatorum

299 731 434 799 fidelium
457 732 564 800 ducam
587 732 702 798 victum
725 733 872 820 sequitur.
906 737 1001 805 Pilius
1036 760 1159 827 quoque
1184 744 1293 809 Sextus
1316 746 1414 826 adest,

298 873 393 936 quum
429 851 519 918 ctiam
552 875 636 940 reges
674 853 748 918 socii
778 853 888 922 exsulis
919 857 1044 925 comites
1075 861 1213 929 veniunt.
1253 863 1415 949 Equibus

296 971 460 1058 Pompeius
483 971 658 1037 Deiotarum
682 973 778 1038 mittit
801 975 855 1058 qui
877 975 1003 1064 populos
1027 979 1117 1046 Asiae
1141 982 1265 1049 excitet:
1290 1007 1327 1048 no
1342 983 1415 1050 Par·

295 1092 418 1158 thorum
444 1091 563 1177 quidem
586 1091 736 1158 auxilium
759 1102 950 1182 aspernatur:

807 1215 970 1304 „Pompeio
993 1215 1106 1284 vincite
1129 1219 1252 1301 Parthi3

429 1329 521 1396 Vinci
543 1331 641 1396 Roma
663 1332 743 1397 volet
752 1331 782 1396 l''
1323 1343 1412 1428 (238)

340 1449 515 1539 Insignibus
543 1451 633 1538 regiis
666 1451 772 1538 positis
800 1453 929 1520 libeutcr
958 1454 1103 1541 Pompeio
1133 1479 1246 1524 morem
1273 1458 1412 1546 obsequi·

296 1573 362 1651 tur;
397 1555 429 1633 is
458 1569 560 1635 littora
593 1569 684 1636 Asiae
718 1571 802 1658 legit.
856 1571 993 1659 Epheso,
1033 1574 1121 1640 Samo
1128 1627 1137 1658 ,
1174 1575 1251 1658 Coo,
1295 1578 1411 1662 Cnido,

295 1687 400 1754 Rhodo
431 1687 546 1754 relictis
574 1688 724 1775 Synedrae
754 1689 876 1755 taudem
907 1714 1029 1757 ancoras
1048 1693 1131 1762 iacit.
1176 1695 1225 1760 Ibi
1248 1684 1411 1785 Pompeius

294 1807 482 1874 senatoribus
516 1807 549 1872 in
570 1807 737 1892 consilium
766 1811 937 1876 convocatis
969 1813 1084 1878 animos
1114 1815 1274 1881 comitibus
1308 1818 1393 1884 addit
1399 1848 1408 1900 ;

293 1930 330 1995 de
353 1928 478 1995 oonsilio
500 1927 681 1994 Parthorum
701 1929 805 1994 auxilii
822 1930 995 2014 acquirendi
1019 1932 1094 2016 quid
1117 1933 1232 2020 placeat
1259 1938 1409 2022 exquirit3

296 2051 359 2138 ipsc
392 2056 427 2115 ut
461 2071 564 2115 secum
598 2048 635 2114 ad
662 2049 790 2115 Parthos
820 2055 983 2136 gentesque
1017 2051 1151 2118 Orientis
1181 2057 1410 2140 proficiscantur

293 2169 410 2235 suadet.
462 2169 543 2236 Nam
573 2169 705 2256 Aegypti
728 2168 792 2256 regi
816 2191 890 2236 num
914 2169 952 2236 oh
975 2178 1103 2238 aetatem
1126 2175 1215 2249 fidem
1238 2175 1341 2241 haberi
1363 2177 1409 2242 fas

293 2289 334 2355 sit
359 2288 489 2355 dubitat.
525 2287 657 2354 Callidus
688 2289 767 2354 enim
798 2288 890 2371 Iuba,
923 2291 1040 2377 pproler
1067 2291 1409 2381 impia=Carthaginien

293 2407 355 2474 sis''
378 2409 405 2474 ei
429 2415 585 2494 suspectus
604 2415 661 2488 est,
683 2407 735 2494 qui
754 2406 962 2476 Ptolemaeum
984 2412 1126 2477 iuvenem
1146 2413 1184 2478 ad
1206 2415 1408 2500 proditionem

292 2527 437 2593 adducere
467 2533 578 2614 posset.
621 2526 714 2592 Nulli
747 2529 862 2614 regioni
884 2529 944 2595 nisi
972 2530 1151 2597 Parthorum
1174 2555 1266 2620 regno
1288 2534 1408 2598 firmum
1486 2586 1490 2593 .

292 2646 440 2713 auxilium
463 2647 631 2733 praestandi
654 2647 783 2712 facultas
807 2655 957 2735 suppetet.

689 2765 767 2831 Cum
790 2767 923 2834 Caesaris
947 2791 1027 2832 arma

323 2965 326 2974 Ι
417 2887 603 2954 Concurrent
626 2887 740 2966 Medis,
763 2893 815 2952 aut
839 2910 885 2954 me
907 2887 1041 2953 Fortuna
1063 2911 1182 2955 necesse
1207 2895 1252 2955 est

421 3006 580 3088 Vindicet,
604 3012 659 3072 aut
681 2998 816 3074 Crassus.
864 3009 952 3094 (327)

334 3128 493 3192 Murmure
517 3132 620 3192 exorto
641 3126 743 3191 statim
762 3126 825 3192 dux
844 3149 946 3192 omnes
964 3126 1123 3192 consilium
1143 3150 1233 3193 suum
1252 3128 1407 3196 damnasse

290 3248 390 3315 sentit.
436 3247 575 3328 Quorum
610 3246 744 3312 omnium
780 3247 952 3334 opinionem
986 3247 1135 3312 Lentulus
1166 3249 1213 3314 vir
1242 3252 1407 3317 consularis

287 3368 453 3456 significat,
488 3366 676 3454 gravissimis
701 3365 796 3432 verbis
826 3365 1007 3452 Pompeium
1040 3368 1203 3454 corripiens
1231 3371 1407 3456 reprehensa

288 3486 396 3576 agendi
418 3487 549 3566 ratione,
574 3475 651 3550 duce
668 3487 803 3551 Romano
823 3485 956 3572 indigna.
982 3485 1089 3566 ,sNum
1100 3487 1232 3553 Parthus
1244 3495 1290 3570 te,
1315 3514 1406 3577 quam

289 3608 411 3710 horruit
442 3606 569 3687 auditu,
605 3628 696 3692 quem
721 3626 806 3691 reges
830 3605 938 3670 ducere
962 3612 1065 3692 captos
1089 3607 1185 3688 vidit,
1209 3609 1354 3676 humilem
1377 3619 1407 3677 et

288 3729 416 3794 fractum
440 3726 575 3792 videbit?
612 3725 696 3808 Quid
720 3724 843 3790 vulnera
868 3731 1030 3790 nostra-
1053 3725 1210 3808 inquit—
1232 3725 1264 3791 in
1288 3729 1407 3816 Scythi-

288 3871 339 3916 cos
373 3846 487 3934 spargis
521 3851 552 3911 et
585 3846 681 3911 clades
718 3843 895 3910 latentes?'’
939 3844 1067 3909 Parthos
1102 3867 1133 3909 se
1166 3846 1297 3932 negotiis
1336 3848 1407 3914 alie·

288 3967 336 4032 nis
355 3964 522 4030 immiscere
542 3987 600 4030 non
613 3965 690 4032 vult.
719 3965 825 4046 pNum
845 3963 994 4051 patiemur
1006 3964 1104 4030 -ita
1116 3964 1214 4050 pergit
1226 3965 1405 4033 -Parthos

286 4092 355 4152 antc
367 4085 463 4150 clades
476 4107 544 4148 suas
556 4084 718 4165 vindicare,
733 4107 821 4170 quam
834 4083 960 4148 Romam
972 4083 1064 4148 suas?
1098 4082 1254 4149 Praeterea
1270 4085 1406 4151 Parthia

287 4204 369 4274 nullo
394 4205 480 4270 hoste
503 4203 585 4269 vinci
608 4210 753 4290 possunt,
778 4203 852 4268 dum
874 4203 907 4268 in
928 4204 1040 4289 campis
1063 4201 1130 4267 suis
1152 4201 1291 4268 libertate
1313 4203 1405 4291 fugae
