3296 5132
754 413 792 472 ra

215 623 275 687 siut
297 621 418 684 Tacitus
446 641 507 683 non
537 621 764 694 commemorat,
796 615 847 679 sed
878 615 964 682 addit
994 615 1027 679 in
1054 613 1115 680 illis
1136 613 1326 680 vulneratum

215 739 340 804 militem
374 761 427 825 per
461 737 587 802 similem
622 734 728 799 mortis
762 733 925 820 imaginem
962 733 1083 800 obiisse.
1137 732 1274 797 Fortasse
1311 752 1327 794 e

215 858 290 924 libro
313 858 402 922 tertio
415 855 584 920 Pharsaliae
607 854 698 940 elegit
720 875 838 918 versum
863 857 991 934 635¹¹¹¹⁰,
1009 853 1061 918 ubi
1078 874 1190 918 memor
1202 849 1327 936 originis

215 976 335 1056 matris,
360 975 493 1041 Acilium
517 973 675 1060 quemdam
701 973 818 1038 laudat:

368 1095 523 1160 Scinditur
545 1093 665 1158 avulsus
685 1116 741 1158 nec
763 1094 842 1158 sicut
869 1093 989 1158 vulnere
1009 1093 1132 1180 sanguis

367 1214 500 1280 Emicuit
522 1214 637 1292 lentus,
663 1213 759 1299 ruptis
783 1212 863 1278 cadit
886 1213 1023 1297 undique
1045 1212 1130 1278 venis

369 1333 592 1419 Discursusque
615 1332 730 1397 animae
753 1333 870 1398 diversa
889 1333 920 1397 in
945 1332 1077 1398 membra
1100 1331 1225 1397 meantis

369 1454 558 1540 Interceptus
581 1452 677 1537 aquis.

261 1572 317 1636 Vel
340 1595 356 1637 e
379 1575 468 1638 tertio
491 1572 568 1637 libro
592 1574 719 1637 586¹⁰¹¹¹:

369 1693 409 1756 Et
432 1691 518 1756 stetit
540 1691 689 1772 incertus,
713 1692 820 1756 flueret
842 1713 902 1775 quo
926 1691 1063 1771 vulnere,
1086 1689 1220 1776 sanguis.

261 1809 318 1874 Vel
341 1833 357 1874 e
379 1833 459 1876 uono
482 1813 611 1875 glpum:

331 1909 334 1916 ¹
887 1929 997 1994 Omnia
1018 1928 1130 2016 plenis,

372 2048 507 2114 Membra
530 2051 630 2114 fluunt
653 2047 751 2128 venis,
780 2053 877 2112 totum
903 2055 947 2113 est
969 2071 1023 2134 pro
1044 2047 1165 2112 vulnere
1189 2065 1306 2130 corpus.

263 2168 319 2232 Vel
343 2168 474 2253 denique
496 2193 512 2234 e
534 2169 661 2256 septimo
686 2171 815 2234 608¹¹¹⁰¹r

622 2293 680 2355 Ast
702 2289 748 2354 illi
771 2289 889 2354 suffecit
912 2294 1032 2375 pectora
1054 2287 1175 2374 pulsans

373 2406 505 2493 Spiritus
527 2407 557 2471 in
584 2430 704 2488 vocem,
729 2409 947 2492 morientiaque
970 2429 1021 2472 ora
1046 2405 1179 2470 resolvit.

219 2524 356 2590 Fortasse
387 2525 463 2590 alius
493 2525 569 2589 alios
590 2527 679 2590 etiam
704 2549 806 2592 versus
824 2528 1082 2613 reperire'potest,
1100 2525 1152 2608 qni
1175 2525 1219 2588 ori
1242 2522 1332 2588 mori·

221 2643 315 2708 buudi
345 2649 449 2729 po'e'tae
479 2644 542 2731 apti
573 2644 729 2725 videntur,
759 2684 802 2696 -
831 2647 864 2710 lri
895 2654 1025 2732 quatuor
1049 2645 1216 2720 sufficiant,
1239 2663 1332 2726 quum

220 2785 265 2828 res
289 2763 410 2827 omnino
434 2763 546 2828 incerta
565 2764 717 2848 sitneque
738 2787 870 2850 unquam
891 2765 1027 2829 futurum
1045 2763 1085 2828 sit
1102 2769 1136 2828 ut
1148 2760 1333 2848 expediatur.
1410 2829 1412 2834 ,

263 2882 419 2947 Lucanum
450 2885 483 2948 in
513 2884 609 2948 hortis
640 2884 702 2949 suis
732 2885 881 2972 sepultum
905 2907 968 2950 esse
990 2883 1145 2948 Iuvenalis
1167 2904 1222 2946 nos
1247 2879 1334 2944 docet

221 3000 287 3065 loco
305 3000 365 3066 iam
385 3025 473 3089 supra
493 3011 724 3068 commemorato
745 3007 785 3090 ¹l²
807 3010 986 3086 „contentus
998 3003 1076 3068 fama
1087 3002 1183 3076 iaceat
1193 2999 1334 3066 Lucanus

221 3120 253 3184 iu
276 3121 373 3185 hortis
395 3121 600 3203 marmoreis''‚
624 3145 684 3208 quo
704 3123 794 3189 simul
818 3123 1014 3190 edocebamur
1033 3143 1100 3188 eum
1121 3119 1194 3184 satis
1211 3117 1333 3184 divitem

222 3239 325 3305 fuisse.

266 3359 335 3424 Una
365 3359 425 3424 iam
463 3339 509 3426 res
541 3368 690 3448 superest,'
715 3385 802 3448 quam
825 3362 856 3427 in
880 3363 943 3428 vita
965 3359 1119 3429 tractanda
1141 3355 1338 3445 praetermisi,

222 3500 261 3542 ne
291 3477 404 3544 iustum
433 3502 532 3545 rerum
563 3481 710 3575 ordinem.
728 3483 839 3548 violare
869 3482 986 3548 viderer
1016 3501 1164 3566 quamque
1186 3477 1223 3542 ad
1245 3477 1333 3540 finem

223 3604 368 3662 servatam
390 3621 470 3663 nunc
493 3593 607 3686 paucis
620 3601 784 3668 absolvam.
818 3601 952 3688 Nuptias
973 3599 1091 3667 Lucani
1115 3599 1195 3664 dico.

266 3717 407 3782 Lucanus
435 3739 558 3784 uxorem
589 3720 714 3784 duxerat
741 3720 856 3786 Pollam
885 3720 1110 3806 Argentariam,
1135 3741 1211 3804 quae
1232 3721 1335 3782 utrum

223 3836 331 3901 marito
344 3844 492 3923 superstes
504 3837 597 3915 fuerit
607 3862 722 3921 annon,
734 3833 981 3926 parumconstat.
1001 3839 1144 3904 Sidonius
1156 3835 1337 3924 Apollinaris

223 3961 324 4021 narrat
343 3979 408 4022 eam
427 3943 495 4044 post
513 3957 628 4022 Lucani
648 3963 775 4024 mortem
795 3959 905 4024 iterum
925 3958 1062 4046 nupsisse
1077 3963 1184 4045 po'e'tae
1200 3953 1335 4022 cuidam:

258 4214 277 4283 ¹)
297 4209 357 4268 Iuv.
375 4210 430 4266 Sat.
449 4209 483 4265 V.
503 4211 545 4269 79.
