3308 5138
860 422 921 485 118

334 635 378 700 sic
408 633 477 700 talis
501 653 663 699 consensus
686 630 803 696 Lucani
825 627 1087 709 animadvertitur,
1123 633 1159 693 ut
1178 626 1316 695 dubitare
1333 653 1445 716 neque·

332 775 419 820 amus
442 776 492 819 eos
514 776 551 819 ex
573 753 676 818 eodem
700 752 784 817 fonte
806 750 968 831 sumsisse,
990 771 1086 836 eoque
1110 749 1228 816 facilius
1253 755 1289 815 ut
1310 750 1369 817 hoe
1388 774 1450 818 cre·

335 877 442 942 damus
472 873 668 954 adducimur,
701 871 773 958 quia
796 876 827 936 et
848 869 908 936 Dio
932 869 1054 936 Cassius
1077 893 1147 936 cum
1169 853 1258 958 po'e'ta
1281 869 1450 952 consentit,

334 1009 425 1079 quem
454 993 487 1059 in
516 994 573 1058 hoc
596 992 672 1058 libro
697 991 747 1078 (ab
769 990 858 1056 initio
882 991 1041 1077 usquead
1064 991 1157 1056 linem
1180 1012 1252 1054 cum
1273 991 1397 1056 Lucano
1420 995 1452 1055 et

332 1113 420 1178 Floro
451 1118 481 1178 et
503 1111 610 1178 Orosio
633 1110 897 1198 consentientem),
928 1132 965 1176 ex
987 1109 1074 1175 Livio
1098 1108 1235 1176 hausisse
1258 1132 1318 1175 non
1339 1114 1451 1175 temere

337 1231 534 1318 suspicamur.
588 1315 589 1320 ἵ

377 1354 491 1420 Melius
526 1353 669 1419 Lucanus
692 1350 813 1418 veritati
835 1349 1052 1431 consuluisset,
1085 1371 1181 1436 quum
1208 1349 1362 1415 Gaesarem
1383 1355 1453 1435 post

335 1473 490 1540 victoriam
512 1479 629 1560 postero
652 1471 702 1537 die
724 1470 757 1536 in
783 1469 943 1557 optimates
967 1468 1108 1534 saeviisse
1135 1469 1312 1562 scripsisset.
1336 1468 1453 1533 lterum

337 1594 504 1660 Mommsen
523 1593 683 1659 audiamus
698 1593 740 1678 ¹):
766 1588 910 1671 poscam,
930 1590 983 1655 der
1002 1588 1096 1654 sehon
1107 1612 1156 1654 am
1167 1589 1231 1675 Tag
1243 1589 1295 1654 der
1310 1587 1454 1654 Schlacht

337 1711 386 1779 die
407 1712 548 1779 Soldaten
571 1712 703 1778 erinnert
724 1710 808 1776 hatte
828 1709 870 1774 im
883 1689 1004 1774 'Feiude
1025 1708 1111 1773 nicht
1134 1707 1191 1774 den
1213 1707 1399 1794 Mittbiirger
1414 1730 1454 1772 au

337 1853 512 1918 rergessen,
536 1831 606 1896 land
630 1830 705 1896 doch
725 1829 831 1916 nerhig
848 1829 923 1915 jetzt
940 1827 989 1892 die
1009 1827 1135 1914 Strenge
1155 1825 1273 1892 wallten
1289 1850 1328 1892 au
1344 1828 1452 1896 lassen.

340 1951 398 2016 Die
431 1950 586 2039 gemeinen
609 1950 751 2016 Soldaten
777 1948 901 2015 wurden
924 1947 954 2013 in
978 1947 1030 2012 das
1052 1946 1134 2012 Heer
1157 1947 1336 2034 cingereiht,
1359 1969 1454 2034 gegen

339 2070 388 2137 die
421 2072 539 2137 Lecton
569 2071 706 2136 besseren
740 2069 867 2136 Standes
890 2067 1081 2134 Geldbussen
1104 2065 1175 2131 oder
1199 2067 1454 2154 Vermtgcnseon-

340 2189 514 2256 liscetionen
544 2189 688 2256 erkannt:
720 2189 769 2256 die
799 2189 964 2276 gelangene
994 2188 1158 2253 Senatoren
1188 2187 1252 2251 und
1280 2187 1455 2252 namhaften

340 2308 440 2375 Ritter
466 2309 586 2374 erlitten
603 2310 665 2374 'mit
690 2309 784 2396 wenig
808 2311 979 2374 Ausnamen
1001 2307 1059 2372 den
1080 2305 1155 2374 Tod.
1201 2306 1258 2372 Die
1281 2305 1383 2372 Zeiten
1403 2304 1456 2371 der

340 2426 446 2493 Gnade
469 2451 565 2493 waren
589 2428 704 2509 vorbei,
737 2430 768 2514 je
797 2427 900 2514 linger
930 2449 961 2492 er
983 2426 1096 2490 wdhrte
1118 2426 1202 2491 desto
1225 2424 1459 2491 riichsichtloser

339 2546 402 2611 und
425 2547 689 2612 unversthnlicher
711 2547 829 2613 waltete
852 2547 903 2612 der
923 2544 1157 2634 Burgerkrieg.”
1192 2547 1278 2628 Quae
1301 2544 1418 2631 singula
1441 2567 1459 2608 a

340 2664 439 2730 Dione
458 2666 482 2750 2)
507 2671 537 2729 et
563 2665 687 2731 Caesare
709 2668 734 2752 8)
758 2667 823 2753 ipso
854 2671 884 2730 et
914 2665 1079 2730 Plutarcho
1101 2666 1128 2750 ¹²)
1161 2665 1383 2730 confirmantur.
1429 2663 1459 2727 li

341 2788 459 2848 tantum
487 2784 602 2870 excepti
633 2789 716 2866 sunt,
742 2807 817 2869 qnos
845 2783 935 2848 amici
966 2783 1048 2865 eius,
1079 2781 1190 2868 quibus
1221 2783 1351 2870 singulis
1378 2785 1460 2850 enim

344 2903 470 2968 salutem
492 2904 682 2991 permiserat,
705 2927 722 2968 a
745 2904 894 2991 supplicio
918 2909 1102 2969 exemerunt.

386 3023 542 3109 Appianus
577 3025 680 3089 eodem
710 3025 798 3090 modo
832 3024 939 3105 tradit,
972 3047 1033 3109 quo
1063 3023 1205 3088 Lucanus
1236 3025 1326 3109 (quae
1355 3023 1462 3089 Caesar

343 3142 484 3223 reticuit,
508 3143 632 3208 fortasse
656 3145 727 3231 quia
750 3143 865 3208 indicio
890 3167 952 3208 esse
974 3151 1075 3228 posset
1097 3144 1129 3208 iu
1153 3150 1266 3228 quanto
1290 3143 1462 3209 discrimine

343 3285 389 3330 res
418 3271 535 3329 versata
565 3263 652 3348 esset)
682 3261 871 3328 Caesarianos
906 3262 1010 3326 castris
1040 3262 1172 3327 exituros
1200 3263 1315 3328 vallum
1338 3264 1463 3328 convul-

346 3383 419 3448 sisso
450 3383 587 3467 fossaque
619 3404 725 3467 aggere
745 3382 957 3468 complevisse,
982 3405 1019 3447 ne
1038 3381 1185 3456 militibus
1204 3383 1354 3469 refugium
1373 3382 1463 3446 vietis
1491 3420 1495 3426 ·

347 3507 525 3588 superesset.
570 3502 670 3582 Quam
701 3524 762 3566 rem
794 3501 952 3587 Appianus
977 3507 1007 3565 et
1028 3499 1173 3566 Lucanus
1196 3525 1232 3566 ex
1254 3502 1357 3568 eodem
1379 3501 1465 3566 fonte

350 3621 500 3688 communi
528 3623 704 3688 hauserunt.
748 3621 907 3686 Lucanum
941 3644 1011 3686 uero
1042 3621 1142 3687 Asinii
1164 3622 1311 3686 Pollionis
1334 3621 1465 3686 auctori·

384 3973 404 4042 ¹)
423 3972 457 4026 u.
476 3971 506 4026 G.
525 3969 572 4024 ΙΙΙ
590 3971 652 4025 429.

384 4059 405 4129 ²)
425 4057 476 4112 Dio
494 4056 524 4110 B.
544 4055 572 4110 G.
592 4054 664 4110 XLI.
684 4056 727 4114 62.

385 4145 404 4212 ⁵)
423 4144 454 4198 B.
473 4143 502 4199 C.
520 4141 575 4196 ΙΙΙ.
594 4143 635 4196 98.
654 4143 678 4200 2.

385 4235 406 4302 ⁴)
425 4229 499 4286 Caes.
517 4228 559 4287 46.
