3296 5132
888 415 928 477 52

349 645 366 686 a
396 628 480 708 patre
509 621 646 686 occisum
675 641 748 686 esse.
794 620 932 684 Fortasse
962 619 1012 683 hic
1040 619 1178 685 libertate
1206 623 1301 707 po'e‘tis
1329 643 1468 688 concessa

339 741 494 806 'Lucanus
529 761 603 804 usus
637 749 699 818 est,
731 747 766 801 ut
789 738 930 802 maiorem
953 738 1042 802 sortis
1065 739 1232 804 infelicium
1256 741 1390 806 virorum
1413 740 1467 804 mi·

351 859 541 925 sericordiam
579 859 668 945 apud,
694 857 821 922 lectores
852 863 996 923 moveret.
1042 855 1113 938 Quo
1136 858 1215 924 enirn
1239 882 1275 924 ex
1302 861 1386 926 fonte
1408 861 1467 926 dis·

352 979 464 1044 crimen
496 978 618 1044 fluxerit
647 977 781 1062 indagari
804 975 863 1040 ianr
887 997 947 1040 non
974 982 1083 1062 potest.
1129 977 1244 1042 Mirum
1270 985 1370 1044 tamen
1394 980 1468 1044 mihi

351 1120 413 1162 non
443 1099 597 1164 videretur
634 1097 660 1162 si
693 1096 800 1161 Florus
834 1095 951 1160 Lucani
984 1096 1033 1160 hic
1064 1097 1244 1162 auctoritate
1274 1121 1349 1162 usus
1372 1105 1466 1178 esset,

352 1216 408 1281 elsi
428 1214 467 1283 O.
497 1217 578 1282 Jahn
600 1217 632 1282 in
654 1215 737 1281 Flori
760 1215 904 1280 Editione
926 1236 988 1278 non
1010 1215 1140 1302 recepit,
1165 1216 1232 1296 ubi,
1260 1239 1337 1302 quae
1359 1216 1468 1283 Florus

350 1357 386 1401 ex
409 1336 534 1402 Lucano
557 1336 701 1402 sumsisse
723 1334 860 1414 videtur,
885 1332 999 1398 retulit.

395 1454 485 1520 Bruti
527 1461 557 1520 ct
597 1454 721 1520 Catonis
762 1451 951 1538 colloquium
983 1475 1001 1516 a
1034 1421 1123 1539 po'e'ta
1156 1455 1262 1519 fictum
1296 1477 1358 1520 esse
1392 1455 1468 1520 arbi·

350 1582 481 1656 tramur,
516 1576 630 1661 quippe
664 1574 752 1639 cuius
786 1597 803 1638 a
836 1573 923 1637 nullo
957 1571 1153 1636 historiarum
1182 1574 1325 1660 scriptore
1355 1574 1468 1639 mentio

351 1695 432 1760 facta
465 1695 517 1761 sit.
563 1693 674 1778 colligi
707 1698 806 1756 tamen
834 1698 933 1778 potest
967 1713 983 1756 e
1016 1689 1106 1756 Bruti
1138 1691 1225 1772 Vita,
1260 1716 1278 1757 a
1307 1692 1469 1758 Plutarcho

351 1812 518 1899 descripta,
553 1813 739 1879 avunculum
773 1810 918 1876 Catonem
949 1811 1081 1876 maxima
1110 1810 1299 1876 veneratione
1327 1836 1345 1877 a
1372 1795 1469 1876 Bruto

352 1933 468 1997 cultum
499 1955 572 1999 esse.
618 1932 698 1998 Fieri
729 1931 826 2019 igitur
855 1936 969 2018 potest,
993 1938 1030 1994 ut
1053 1929 1206 2016 quomodo
1232 1931 1377 1997 Lucanus
1404 1937 1470 1999 riar-

222 2101 229 2112 .
350 2058 397 2116 rat
405 2102 415 2132 ‚
450 2050 597 2117 Catonem
638 2051 820 2118 convenerit.
877 2050 1021 2115 Catonem
1057 2057 1119 2115 tarn
1158 2058 1243 2116 metu
1285 2076 1378 2138 quam
1419 2075 1470 2138 spe

351 2171 482 2237 liberum
524 2172 556 2236 in
595 2178 743 2236 certamen
773 2169 962 2234 descendisse
995 2176 1123 2237 constat.
1178 2169 1265 2237 Bella
1299 2173 1401 2238 civilia
1436 2183 1470 2236 ut

351 2313 506 2355 summum
548 2293 631 2355 nefas
670 2291 869 2369 detestatur,
900 2287 952 2352 sed
993 2289 1090 2354 fatum
1132 2311 1202 2355 eum
1236 2291 1340 2357 trahit.
1375 2293 1470 2363 Roma

352 2410 457 2489 cadat,
500 2432 562 2474 non
598 2414 701 2474 autern
735 2407 847 2476 Catone
882 2430 998 2473 secure.
1050 2407 1194 2473 Lucanus
1226 2416 1376 2496 potestate
1410 2411 1467 2475 sibi

350 2527 420 2592 data
457 2550 531 2592 usus
565 2533 627 2608 est,
668 2535 704 2591 ut
740 2526 884 2591 Catonem
918 2548 972 2612 pro
1007 2549 1038 2591 se
1074 2526 1139 2612 ipso
1174 2527 1305 2593 Stoicam
1339 2528 1467 2614 philoso-

352 2647 454 2732 phiam
488 2647 660 2712 laudantem
689 2646 830 2725 inducat;
865 2667 954 2730 quern
988 2643 1048 2708 iarn
1084 2653 1152 2710 ante
1177 2648 1216 2731 (Ι.
1242 2650 1317 2733 128)
1347 2650 1468 2714 virtutis

352 2773 381 2830 et
427 2766 502 2831 iuris
547 2770 801 2852 propugnatorem
841 2765 903 2828 fato
941 2763 1000 2851 ipsi
1031 2766 1216 2830 resistentem
1250 2746 1467 2853 designaverat.

352 2885 448 2965 ''Calo
479 2884 604 2971 spiegalt
636 2885 669 2949 in
692 2885 745 2949 der
769 2883 984 2970 Unterredung
1007 2883 1064 2948 mit
1086 2884 1203 2949 Brutus
1226 2885 1275 2951 die
1298 2889 1377 2953 anch
1400 2899 1467 2954 'aus-

351 3004 462 3070 nerlich
481 3005 574 3070 durch
600 3004 748 3083 einiache,
775 3003 963 3087 nachlassige
985 3003 1141 3091 Kleidung
1164 3007 1227 3070 und
1252 3003 1469 3073 H'auslichheit

352 3123 542 3209 dargestellte
572 3123 644 3188 Stoa
667 3123 721 3201 ab3
745 3145 776 3186 er
800 3121 1000 3186 verabsoheut
1023 3123 1080 3188 den
1102 3125 1306 3214 Burgerkrieg
1329 3129 1371 3193 als
1396 3130 1468 3194 Ver·

342 3241 495 3322 ¹brechen,
519 3248 598 3326 tr'atgt
621 3240 691 3305 aber
710 3239 797 3304 keine
820 3240 919 3304 Scheu
943 3262 995 3304 vor
1022 3240 1090 3305 dem
1114 3241 1278 3310 Gehorsam
1300 3269 1397 3334 gegen
1415 3248 1468 3312 das

305 3331 309 3340 .
351 3361 490 3442 rufende‚
518 3358 697 3424 sterblichen
720 3358 848 3423 Kr'aiten
872 3357 1047 3444 dberlegene
1073 3359 1242 3444 Schicksal,
1267 3365 1330 3430 und
1352 3367 1468 3434 schiebt

351 3478 463 3544 diesem
493 3477 541 3542 die
575 3477 892 3542 Verantnortlichheit
930 3499 982 3559 zu,
1015 3481 1185 3564 persdnlich
1208 3483 1258 3549 h'ir
1280 3485 1337 3551 den
1359 3486 1466 3552 letzten

350 3596 542 3681 Bldttropfen
572 3595 683 3674 bereit,
715 3617 798 3660 wenn
827 3595 962 3660 dadurch
993 3597 1042 3662 die
1073 3599 1194 3667 Sdnden
1226 3603 1278 3668 des
1301 3604 1396 3670 Volks
1418 3631 1468 3693 ge·

343 3715 446 3806 stihnt
469 3713 586 3780 werden
610 3714 754 3780 kdnnten.
800 3713 842 3778 Es
864 3714 989 3780 handele
1013 3717 1078 3781 sich
1099 3719 1184 3784 nicht
1205 3743 1256 3786 urn
1276 3722 1384 3790 Caesar
1405 3725 1468 3790 und

354 3833 535 3920 Pompeius,
560 3831 689 3898 sondern
713 3854 765 3897 um
788 3831 886 3898 Recht
909 3834 973 3898 und
996 3834 1158 3928 Gewalt1).

352 4067 561 4078 ..—

384 4207 404 4274 1)
422 4203 465 4262 Fr.
483 4201 609 4268 Kartum,
628 4199 721 4257 Gcsch.
740 4199 928 4274 Forschungen
946 4201 983 4258 im
999 4203 1109 4262 Gebiete
1121 4207 1166 4266 des
1183 4212 1350 4274 Alterthums
1366 4239 1393 4294 p.
1412 4222 1472 4284 240.
