3308 5138
735 417 796 480 109

205 627 421 714 pulcherrimas
459 631 558 711 partes
591 624 686 687 totius
720 621 867 709 poematis
901 620 1051 686 habendos
1085 642 1148 684 esso
1181 617 1320 705 equidem

204 752 292 833 puto.

250 865 327 931 Dein
350 887 483 952 pugnam
505 868 592 949 poeta
611 861 763 948 depingit:
785 859 942 926 Crastinus
961 858 1157 925 Caesarianus
1177 856 1321 944 proelium

205 984 362 1049 inchoasse
385 983 514 1048 dicitur:
538 1004 556 1046 o
580 981 694 1046 utinam
723 981 754 1044 di
783 981 840 1046 tibi
870 1003 931 1046 non
953 986 1093 1059 mortem,
1126 999 1202 1063 quae
1226 997 1322 1062 poena

206 1103 325 1168 eunctis
348 1101 521 1167 hominibus
543 1105 681 1186 paratur,
704 1099 756 1164 sed
778 1122 896 1166 sensum
920 1105 990 1186 post
1012 1099 1075 1164 fata
1095 1103 1215 1185 peracta
1233 1096 1321 1161 dent:

206 1223 402 1308 sempiternos
444 1221 593 1285 eruciatus
628 1215 775 1302 meretur,
810 1219 863 1305 qui
896 1219 1011 1305 primus
1044 1223 1154 1282 tortam
1188 1215 1321 1280 lanceam

206 1341 353 1427 sanguine
375 1341 512 1405 Romano
542 1339 644 1404 tinxit.
690 1341 799 1404 Caesar
821 1363 838 1404 a
860 1338 950 1403 latere
976 1337 1096 1402 sinistro
1124 1334 1323 1421 Pompeianos

206 1460 357 1525 adoritur:
383 1481 475 1525 cornu
493 1459 629 1543 equitum
653 1457 788 1544 Pompeii
813 1480 829 1521 e
851 1456 983 1522 barbaris
1005 1454 1144 1542 gentibus
1163 1453 1319 1519 collectum

206 1579 341 1665 pellitur,
361 1600 421 1663 qua
443 1601 474 1642 re
494 1578 699 1663 denuopalam
711 1577 844 1656 factum,
869 1576 947 1642 bella
959 1575 1060 1640 civilia
1071 1595 1235 1659 numquam
1247 1573 1321 1640 bene

206 1697 363 1764 commissa
403 1696 563 1762 barbaricis
604 1696 743 1762 catervis.
788 1695 891 1761 Media
928 1701 1029 1760 tamen
1062 1694 1140 1759 acies
1172 1694 1319 1780 impetum

205 1817 339 1882 hostium
363 1815 507 1895 sustinet,
532 1815 704 1901 nequeloco
721 1814 815 1881 cedit:
833 1815 963 1880 Romani
983 1813 1096 1879 etenim
1120 1811 1164 1878 ibi
1182 1813 1322 1878 instructi

205 1942 298 2001 erant.
344 1935 453 2000 Caesar
480 1935 543 2020 ipse
570 1935 750 2021 pugnavisse
779 1958 796 1998 a
818 1935 943 2000 Lucano
965 1932 1107 1998 scribitur
1113 1959 1123 2012 3
1145 1932 1209 2019 ipse
1231 1955 1322 1997 mann

205 2054 320 2142 gladios
348 2054 510 2121 subiecisse
538 2061 630 2139 atque
657 2055 717 2118 teia
740 2053 923 2119 ministrasse
946 2053 1076 2135 dicitur3
1099 2052 1220 2118 iussisse
1243 2052 1321 2118 ferro

205 2175 389 2241 contundere
412 2175 551 2239 adversos
574 2174 693 2252 vultus;
717 2173 859 2238 excitasse
883 2178 1032 2239 cessantes
1054 2172 1176 2238 verbere
1199 2193 1320 2237 conver·

205 2319 254 2360 sae
276 2296 394 2374 hastae,
426 2299 607 2358 monstrasse
630 2299 794 2372 senatores,
824 2292 857 2356 in
881 2314 957 2377 quos
979 2291 1090 2356 milites
1115 2291 1280 2371 saevirent,
1305 2312 1321 2354 e
1374 2313 1376 2320 ·

205 2413 316 2499 quibus
349 2434 445 2477 unum
479 2411 647 2476 Domitium
681 2417 770 2497 poeta
803 2411 953 2490 nominat,
984 2433 1000 2475 a
1035 2431 1108 2495 quo,
1144 2432 1239 2496 quum
1273 2431 1321 2474 oa·

210 2531 304 2613 ieret,
328 2531 436 2598 Caesar
458 2553 633 2618 responsum
657 2531 788 2617 accepit:
813 2553 951 2618 „sperare
973 2530 1048 2596 mihi
1070 2530 1141 2596 licet
1162 2536 1193 2595 te
1215 2543 1321 2616 graves

205 2672 316 2738 poenas
338 2650 484 2736 Pompeio
506 2649 643 2735 mihique
665 2648 837 2716 daturum.''

249 2767 350 2833 'Palem
382 2768 512 2833 furorem
535 2791 675 2834 successu
701 2791 799 2834 carere
820 2792 882 2834 non
904 2769 1053 2856 oportuit:
1077 2767 1158 2859 cadit
1180 2767 1321 2854 patricio·

206 2911 273 2952 rum
296 2910 422 2974 magnus
440 2911 599 2968 numerus3
622 2889 701 2976 perit
721 2889 835 2976 patriae
855 2889 962 2970 decus3
980 2891 1076 2955 maius
1096 2889 1207 2954 vulnus
1232 2911 1321 2975 quam

208 3007 288 3093 quod
311 3008 428 3073 saecula
451 3030 505 3072 sua
527 3009 652 3090 ferrent,
676 3009 781 3096 populi
804 3009 841 3074 ab
857 3009 913 3074 hec
926 3009 1127 3091 aeiohabent,
1150 3010 1217 3097 plus
1232 3032 1322 3095 quam

209 3129 271 3192 vita
306 3133 336 3192 et
369 3128 449 3193 salus
470 3127 521 3193 hic
544 3129 639 3215 perit,
674 3130 874 3215 prosternitur
903 3129 985 3195 enim
1007 3129 1135 3216 populus
1158 3129 1322 3208 Romanus,

209 3252 306 3312 totum
330 3267 453 3312 aevum:

297 3365 439 3432 Vincitur
460 3365 509 3430 his
532 3367 641 3452 gladiis
664 3345 761 3437 omnis
784 3391 861 3453 quae
883 3367 993 3434 serviet
1015 3373 1104 3434 aetas.
1118 3368 1143 3454 1)
1169 3368 1258 3454 (641)
1346 3443 1350 3454 ι

253 3484 416 3571 Pompeius
449 3487 531 3552 omni
565 3509 616 3573 spe
646 3486 762 3552 abiecta
791 3487 850 3552 sibi
880 3485 1061 3574 fugiendum
1082 3493 1179 3569 ratus,
1214 3507 1325 3573 equum

205 3715 473 3726 ιι--ι--ι--ι--ι

241 3875 262 3944 ¹)
281 3869 409 3928 Gocthius
425 3869 454 3924 in
475 3867 590 3925 secunda
607 3872 682 3943 parte
699 3869 834 3927 Dramatic
852 3871 948 3928 Faust:

347 3956 415 4012 Hier
433 3954 494 4010 aber
511 3953 583 4010 ward
602 3955 645 4011 ein
661 3973 765 4028 grossos
783 3955 896 4030 Beispiel
914 3957 1145 4032 durchgelstmpft

348 4043 409 4098 Wie
427 4042 483 4098 sich
501 4041 604 4097 Gewalt
621 4041 806 4116 Gewaltigerm
824 4047 985 4118 entgegegea
1002 4043 1089 4114 stellt,

347 4130 402 4186 Der
419 4129 535 4184 Freiheit
552 4127 656 4199 holder,
674 4128 916 4202 tansendblum'ger
933 4130 1020 4187 Kranz
1033 4133 1170 4201 'zerreisst

348 4217 402 4272 Der
420 4219 501 4272 stane
518 4213 634 4271 Lorbeer
651 4213 707 4272 sich
724 4233 783 4272 uma
800 4216 894 4290 Haupt
911 4214 958 4276 des
975 4218 1133 4276 Hensohors
1151 4217 1232 4292 biegt.
