3296 5132
755 447 797 511 83

256 651 335 717 Dein
365 652 470 718 Florus
503 651 590 716 nobis
620 651 734 716 auxilio
765 652 849 716 verrit
876 654 918 736 ¹),
951 652 1003 737 qni
1033 675 1094 718 non
1126 653 1242 720 minora
1264 653 1326 721 dat.

212 772 278 838 lem
312 771 443 837 vidimus
478 771 601 835 ineunte
635 771 690 834 hoc
725 771 824 856 capite
857 771 938 836 hunc
968 793 1061 858 paene
1092 771 1198 838 iisdem
1229 772 1327 838 verbis

212 914 299 956 nsum
314 913 387 970 esse,
408 889 520 974 quibus
536 887 677 954 Lucanus
697 894 811 970 utatur,
833 889 885 974 qui
909 889 984 955 dicit
1002 911 1034 954 se
1051 889 1128 954 bella
1147 890 1215 978 plus
1236 914 1326 977 quam

211 1009 312 1074 civilia
343 1030 462 1086 canere,
492 1029 585 1092 quum
615 1007 718 1071 Florus
749 1007 869 1087 scribit,
898 1031 936 1072 ne
962 1003 1074 1074 bellum
1096 1009 1184 1076 civile
1207 1017 1326 1075 tantum

211 1127 263 1192 sed
278 1127 345 1214 plns
365 1149 454 1211 quam
471 1125 583 1191 bellum
603 1149 634 1190 sc
654 1125 815 1191 memoriae
832 1128 965 1213 prodere.
1010 1125 1117 1194 Florus
1128 1150 1249 1194 cansam
1261 1136 1326 1194 tan·

211 1253 258 1310 tae
281 1245 458 1310 calamitatis
481 1240 586 1311 refert:
610 1245 733 1310 nimiam
757 1245 943 1310 felicitatem.
989 1247 1073 1329 Quid
1095 1232 1206 1334 quaeso
1229 1248 1325 1314 Luca·

211 1389 280 1431 nus:
312 1365 409 1429 Roma
437 1364 519 1450 lapsa
544 1363 600 1430 sub
634 1363 727 1429 nimio
761 1365 909 1451 pondere3
933 1365 1029 1431 Roma
1052 1367 1242 1454 semetipsam
1263 1389 1325 1432 non
1412 1377 1414 1382 '

211 1487 317 1551 ferens.
365 1483 441 1548 Dein
469 1483 634 1569 potentiam
667 1483 821 1569 Pompeii,
845 1482 961 1565 Crassi,
985 1484 1120 1551 Caesaris
1143 1485 1250 1551 Florus
1273 1508 1325 1550 no·

211 1606 304 1670 minat
327 1626 417 1688 quam
438 1603 594 1668 Lucanum
618 1603 731 1668 indicat
754 1603 845 1668 luisse
871 1604 992 1668 alteram
1016 1627 1151 1672 causam:

805 1729 839 1789 tn
862 1746 951 1789 causa
973 1723 1142 1824 malorum¹

414 1841 504 1906 Facta
527 1840 623 1906 tribus
647 1841 778 1907 dominis
803 1841 971 1908 communis
994 1843 1099 1917 111111.

209 1961 318 2047 Neque
343 1961 448 2026 Florus
475 1961 615 2046 praeterit
647 1961 743 2027 Iuliae
767 1969 908 2043 mortem,
931 1985 1019 2047 quam
1043 1963 1184 2028 Lucanus
1207 1983 1326 2048 quoque

209 2081 350 2146 discissae
372 2079 443 2144 fidei
468 2103 587 2144 causam
611 2080 704 2146 fuisse
728 2104 836 2168 magna
861 2081 1017 2147 verborum
1031 2063 1073 2146 'vi
1097 2081 1232 2146 affirmat.

253 2201 362 2285 Neque
396 2221 472 2283 quae
504 2198 644 2264 Lucanus
678 2199 716 2264 de
738 2199 876 2286 Pompeii
908 2209 997 2284 atque
1027 2199 1161 2265 Caesaris
1191 2198 1326 2265 moribus

166 2371 169 2379 .
210 2326 310 2386 111111
333 2318 528 2384 fundamento
556 2319 690 2383 veritatis
714 2326 824 2386 carent.
869 2319 969 2385 Verba
992 2341 1131 2385 versuum
1154 2320 1214 2384 125
1235 2325 1327 2402 atque

212 2443 273 2504 126
303 2441 330 2525 ²)
362 2461 454 2524 paene
484 2438 558 2524 ipsis
588 2437 685 2502 verbis
715 2448 885 2525 congruunt
916 2461 985 2504 cunr
1017 2437 1112 2504 Cassii
1142 2437 1249 2503 Dionis
1280 2442 1324 2522 ³):

210 2558 316 2648 γνώμῃ
340 2559 396 2635 μὲν
423 2558 484 2637 γὰρ
510 2561 651 2620 cocciaco
676 2559 822 2632 dardana
849 2557 985 2640 διέφερον
1006 2552 1072 2622 ὅσον
1088 2555 1247 2636 Πομπήιος
1268 2557 1329 2642 μὲνΙ

209 2679 324 2751 οὐδενὸς
359 2677 518 2758 1111111111
550 2675 702 2758 δεύτερος,
738 2686 859 2758 Κοοῑοοιρ
896 2678 926 2741 δὲ
963 2676 1015 2742 aad
1047 2682 1163 2758 πρῶτος
1201 2675 1325 2742 πάντων

210 2795 286 2865 sicca
327 2799 485 2876 ἐπεθύμει.
531 2796 641 2882 Neque
671 2796 771 2861 minus
804 2795 939 2888 Caesaris
972 2819 1146 2883 responsum
1169 2799 1213 2882 ⁴),
1244 2797 1325 2880 quod

210 2920 294 2986 dedit
305 2918 432 3004 Alpibus
449 2918 611 3004 superatis,
630 2915 763 2982 indolem
776 2923 860 2980 11111
870 2939 889 2980 1
901 2917 1024 2980 Lucano
1035 2915 1109 2981 bene
1121 2915 1323 2983 observatam:

209 3041 292 3118 Ἐγὼ
327 3039 382 3118 μὲν
411 3036 583 3116 ἐβουλόμην
607 3037 694 3117 ποορὰ
720 3035 836 3108 τούτοις
865 3036 990 3122 (1111111
1021 3036 1148 3123 Alpium
1174 3037 1324 3102 montium

209 3159 297 3243 dicit)
322 3153 398 3222 sivae
423 3161 547 3236 μᾶλλον
577 3162 692 3238 πρῶτος
722 3155 738 3231 ἢ
771 3155 858 3236 aspa
881 3157 1040 3235 Ῥωμοοίοος
1066 3155 1219 3238 δεύτεροςῑ
1243 3156 1324 3241 quod

209 3303 385 3369 responsum
408 3279 566 3372 verborum
589 3276 717 3342 Achillis
739 3277 769 3340 ἐυ
792 3275 896 3361 vesola
919 3276 1058 3342 admonet
1077 3279 1119 3362 ὁ)1

382 3398 553 3477 βουλοίμην
577 3399 605 3461 κ’
629 3397 789 3480 ἐπάρουρος
813 3397 866 3460 ε’ὼυ
890 3387 1057 3476 θήτεύεμευ
1080 3395 1168 3476 ἄλλῳ

386 3518 403 3594 ἢ
429 3521 524 3584 πᾶσιν
549 3517 687 3584 νεκύεσσι
711 3516 970 3602 κοοτοοφθιμέυοιοι
993 3513 1178 3584 Fundanam.

197 3707 467 3720 --—————=

242 3820 263 3889 ¹)
281 3817 376 3874 Florus
394 3817 433 3874 ΙΙ.
452 3819 496 3874 13.

242 3907 263 3976 ²)
283 3905 339 3960 Nec
357 3922 515 3977 quemquam
529 3903 582 3959 iam
597 3902 664 3960 11111
681 3905 770 3978 potest
782 3903 909 3960 Caesarve
921 3901 1033 3977 priorem
1102 3905 1104 3910 ’

281 3990 457 4064 Pompeiusve
478 4009 576 4063 parem.

244 4077 265 4148 Ξ)
284 4077 357 4135 Cass.
376 4075 428 4132 Dio
446 4075 514 4134 Bell.
534 4075 612 4136 Civil.
630 4075 696 4133 XLI
715 4079 757 4134 51.

244 4165 265 4234 ⁶)
284 4162 356 4222 Plut.
376 4163 451 4220 Caes.
468 4163 512 4218 11.

245 4250 265 4319 ὅ)
282 4249 363 4308 Hom.
381 4247 476 4322 Odyss.
494 4249 536 4306 XI
554 4250 614 4310 489.
