3308 5138
351 631 423 676 ausa
444 607 577 674 Fortuna
600 613 662 687 est3
686 613 773 690 quasi
797 604 833 669 de
858 603 1005 668 industria
1028 625 1168 690 prospera
1192 605 1256 670 eius
1279 605 1410 672 adversis
1431 630 1475 672 ra·

352 723 537 792 diarentur''.
584 725 751 791 Antonium
776 723 809 788 in
832 723 958 810 Illyrico
981 723 1013 788 in
1037 723 1273 790 adversariorum
1295 732 1474 813 potestatem

292 929 293 936 ἵ
354 845 525 924 devenisse‚
560 841 723 910 Suetonius
746 843 771 928 ¹)
806 849 837 907 et
856 842 1029 934 Appianas
1057 846 1082 927 2)
1115 844 1219 931 paucis
1242 851 1361 914 tantum
1385 846 1475 911 attin-

350 970 438 1054 gunt.
481 963 587 1030 Florus
609 962 695 1048 plura
724 960 784 1027 dat.
829 959 973 1042 Fallitur,
1005 983 1099 1048 qnam
1123 969 1223 1028 narrat
1245 986 1367 1046 navem,
1398 987 1474 1049 quae

352 1083 536 1170 deprehensa
562 1087 624 1163 eet,
649 1104 740 1148 unam
765 1103 802 1146 ex
824 1079 917 1146 Basili
940 1080 1068 1146 navibus
1091 1081 1193 1148 fuisse.
1229 1082 1382 1152 Dolabella
1394 1083 1472 1148 enim

351 1209 382 1269 et
393 1201 545 1269 Antonius
557 1225 574 1268 a
586 1200 711 1266 Caesare
722 1201 806 1266 missi
818 1206 899 1281 sunt,
920 1199 973 1284 qui
986 1222 1065 1265 mare
1076 1200 1288 1268 Hadriaticum
1301 1225 1318 1267 a
1330 1201 1474 1290 Pompeio

353 1322 556 1398 defenderent.
602 1321 723 1386 Marcus
746 1320 894 1387 Octavius
917 1326 947 1386 et
971 1319 1146 1386 Scribonius
1165 1320 1259 1402 Libo,
1283 1321 1375 1408 legati
1388 1323 1474 1387 Pom·

350 1441 450 1530 peiaui
478 1439 646 1506 Antonium
670 1440 762 1506 classe
793 1439 990 1520 incluserant,
1023 1439 1074 1504 eui
1104 1463 1122 1504 a
1150 1440 1323 1506 continente
1353 1439 1473 1527 lllryico

354 1561 484 1642 Lucium
525 1559 697 1626 Minucium
731 1559 882 1626 Basilum
902 1559 1061 1624 Dolabella
1094 1559 1208 1624 auxssie
1242 1559 1334 1626 misit.
1389 1557 1474 1640 Quae

352 1679 453 1746 omnia
480 1679 621 1746 Lucanus
652 1677 756 1744 ordine
787 1677 937 1759 narrarit,
970 1699 1065 1763 quum
1088 1677 1209 1764 quidem
1233 1678 1387 1764 inceptum
1410 1699 1472 1742 suo·

347 1821 431 1866 oessu
464 1799 595 1866 caruisse
628 1798 856 1884 Antoniumque
879 1797 993 1863 cladem
1017 1799 1184 1885 accepisse,
1217 1819 1277 1864 non
1302 1797 1468 1864 tradiderit.

252 1945 258 1955 ·
351 1918 463 1986 Omnes
494 1920 573 1984 vires
596 1919 677 1984 enim
699 1923 790 2005 putta
812 1917 845 1982 in
866 1916 1054 2004 depingendo
1078 1917 1197 1982 Vulteii
1220 1917 1300 1982 facto
1322 1917 1456 1983 intendit
1462 1945 1471 1998 ;

351 2039 437 2106 cuius
460 2037 568 2105 virtuti
587 2043 676 2124 po'e'ta
696 2045 924 2104 monumentum
944 2059 1010 2102 aere
1021 2035 1181 2122 perennius
1193 2035 1294 2123 exegit
1301 2087 1310 2118 ,
1329 2037 1471 2123 cuiusque

351 2181 460 2224 nomen
481 2156 588 2224 florus
611 2156 801 2238 recordatur,
826 2156 896 2236 sed,
919 2162 954 2222 ut
975 2155 1035 2221 iam
1049 2154 1197 2236 diximus,
1226 2178 1295 2221 eum
1308 2157 1472 2242 praefuisse

350 2277 406 2344 uni
435 2301 473 2344 ex
502 2278 632 2344 navibus
661 2277 753 2344 Basili
784 2277 915 2343 tradens.
961 2276 1191 2343 Memorandum
1218 2283 1318 2343 tamen
1341 2279 1471 2366 posteris

349 2395 466 2462 exitum
497 2396 615 2462 dedisse
643 2396 680 2462 ab
710 2419 746 2463 eo
772 2397 895 2464 dicitur.
940 2396 1002 2462 Vix
1040 2397 1121 2462 mille
1152 2398 1297 2463 iuvenum
1320 2398 1468 2487 Opitergi·

349 2537 458 2581 norum
493 2538 598 2581 manns
633 2515 808 2582 circumfusi
837 2516 972 2602 undique
1002 2517 1166 2582 excercitus
1188 2540 1241 2604 per
1266 2524 1366 2585 totum
1392 2519 1470 2585 diem

349 2635 410 2700 tela
432 2635 596 2715 sustinnit;
626 2643 656 2700 et
679 2659 772 2721 quum
795 2637 911 2702 exitum
923 2639 948 2722 ³)
978 2637 1074 2702 virtus
1101 2659 1162 2702 non
1193 2636 1329 2720 haberet,
1355 2645 1471 2720 tamen,

348 2777 386 2822 ne
404 2755 437 2820 in
456 2754 639 2821 deditionem
658 2753 789 2836 veniret,
812 2756 952 2822 hortante
971 2755 1096 2822 Vulteio
1109 2755 1249 2838 tribuno,
1274 2758 1390 2826 mutuis
1403 2759 1470 2824 icti·

352 2875 408 2941 bus
430 2876 463 2942 in
487 2896 519 2940 se
541 2875 703 2941 concurrit.

395 2995 487 3082 Apud
502 2993 626 3060 Livium
647 2994 796 3079 (Perioch.
817 2993 885 3082 CX)
906 2995 1033 3061 eundem
1048 2996 1182 3062 ordinem
1199 3004 1366 3079 servatum,
1384 3022 1471 3084 quem

350 3114 431 3201 apud
454 3112 627 3195 Lucanum,
656 3113 803 3179 ridemus.
849 3114 881 3178 Is
903 3115 983 3179 enim
1006 3123 1074 3202 post
1097 3116 1262 3182 Massiliam
1284 3123 1401 3203 captam
1414 3118 1471 3184 bel·

351 3233 474 3320 lumque
496 3235 528 3300 in
549 3233 700 3324 Hispania
720 3233 907 3314 confectum,
928 3232 963 3300 Ο.
981 3234 1111 3300 Antonii
1128 3235 1263 3302 Caesaris
1281 3236 1375 3323 legati
1391 3259 1471 3303 men·

353 3339 470 3420 tionem¹
489 3353 582 3434 facit;
605 3353 700 3420 tradit
722 3375 801 3420 euna
814 3353 892 3418 male
914 3353 1058 3420 adversus
1081 3355 1279 3444 Pompeianos
1301 3356 1334 3422 in
1352 3357 1470 3444 Illyrico

355 3473 443 3540 rebus
476 3473 570 3560 gestis
604 3479 724 3561 captum
755 3497 829 3540 esse.
874 3473 1043 3540 Narrantur
1076 3475 1196 3560 eadem,
1228 3499 1304 3563 quae
1331 3476 1471 3544 Lucanus

354 3593 453 3659 refert.
499 3591 697 3680 Opiterginos
727 3593 824 3659 socios
853 3593 974 3660 navales
981 3644 991 3675 ,
1021 3594 1058 3659 ab
1084 3594 1245 3662 hostilibus
1272 3598 1401 3664 navibus
1423 3599 1469 3662 in·

352 3711 465 3794 clusos,
495 3711 598 3800 potius
620 3735 712 3802 quam
734 3713 766 3778 in
791 3718 972 3800 potestatem
994 3713 1133 3782 hostibus
1160 3716 1368 3803 pervenirent,
1392 3718 1470 3784 inter

384 4027 405 4096 ¹)
424 4025 498 4084 Caes.
517 4028 560 4083 36.

383 4113 622 4184 ARQEM

352 4235 354 4240 ,
383 4201 405 4273 5)
424 4201 467 4256 An
486 4198 669 4273 ,exemplum’
686 4199 799 4258 fortasse
816 4221 864 4274 pro
884 4205 1018 4268 'feritam’
1035 4205 1192 4282 legendum?
