3308 5138
735 423 797 488 lae

199 641 261 714 est,
294 633 467 700 Theodotus
505 653 574 698 cum
609 631 721 697 annulo
755 607 918 716 signatorio
948 628 1088 716 Pompeii
1116 630 1217 696 attulit
1244 637 1319 698 teste

198 753 364 819 Plutarcho
380 756 423 840 1):
470 754 546 835 ,JEic
578 751 609 817 δὲ
633 750 871 832 Ἀλεξάνδρειον
899 748 949 814 ἒτὶ
981 749 1131 831 Πομπηίῳ
1165 750 1321 826 τεθνηκότι

198 874 373 954 κοντοοχθεὶς
406 872 551 938 Θεόδοτον
582 872 638 950 μὲν
665 853 860 953 οὶτεττροῖφν
894 871 949 945 τὴν
981 869 1143 950 Πομπηίον
1174 873 1319 953 κεφαλὴν

198 993 430 1075 προσφέροντα,
465 993 519 1066 τὴν
544 993 575 1057 δὲ
606 993 772 1073 oppertae
806 989 972 1071 δεξάμενος
1004 997 1059 1056 τοῦ
1090 991 1195 1072 ἀνδρὸς
1224 1015 1318 1056 κοτε·

199 1112 381 1194 δοίκρνοεν.”
403 1115 522 1200 Corpus
543 1113 734 1178 inhumatum
757 1112 887 1178 iacuisse
909 1117 1044 1178 constat:
1069 1111 1190 1177 tandem
1213 1111 1319 1177 aPhi-

197 1233 281 1320 lippo
312 1233 435 1314 liberto,
476 1257 494 1298 a
520 1237 658 1298 veterano
695 1231 826 1321 quodam
862 1233 982 1310 adiuto,
1016 1240 1095 1296 terre
1122 1237 1236 1298 tectum
1259 1255 1322 1298 esse

200 1353 380 1418 Plutarchus
413 1355 518 1437 refert,
550 1355 604 1440 qui
626 1354 747 1420 nomine
770 1353 869 1420 Cordo
896 1374 956 1418 non
981 1352 1093 1432 utitur,
1119 1352 1201 1437 quod
1222 1351 1319 1417 Luca·
1444 1352 1447 1358 “

198 1494 258 1536 nus
292 1472 371 1539 fideli
404 1473 502 1538 herois
533 1473 631 1540 amico
658 1473 812 1560 imposuit.
859 1471 960 1558 Caput
982 1476 1084 1536 eutem
1111 1471 1216 1536 hastae
1238 1494 1322 1558 prae·

199 1594 294 1658 fixum
318 1613 370 1668 per
394 1593 496 1660 urbem
515 1593 724 1659 circumlatum
741 1614 822 1671 esse,
847 1591 914 1656 aliis
925 1598 1043 1679 praeter
1053 1597 1170 1678 poetam
1183 1600 1321 1656 nostrum

199 1720 308 1782 notum
327 1735 388 1779 non
406 1719 460 1778 est.
483 1714 596 1799 Regem
616 1719 707 1800 caput
725 1720 787 1778 arte
807 1711 971 1777 medieasse
990 1711 1151 1777 verisimile
1163 1717 1225 1792 est;
1239 1712 1321 1797 quod

199 1839 302 1898 autem
336 1855 390 1919 pro
425 1854 494 1897 vero
531 1832 664 1918 accipere
699 1833 822 1898 minime
852 1855 927 1918 opus
951 1838 1005 1898 est.
1030 1825 1033 1833 ’
1055 1830 1217 1917 Pompeius
1241 1831 1321 1896 enim

200 1975 228 2016 a.
260 1952 290 2016 d.
320 1951 377 2017 IV.
405 1951 473 2018 Kal.
500 1951 569 2016 Oct.
593 1951 711 2016 occisus
734 1961 796 2032 est,
822 1974 893 2032 pam
915 1951 996 2038 Tage
1020 1989 1062 2002 -
1084 1950 1253 2015 Mommsen
1276 1950 1323 2014 in·

201 2070 308 2155 quit2)
332 2107 374 2121 —
397 2093 451 2135 vor
466 2070 577 2134 seimen
592 2073 663 2134 58en
679 2069 903 2158 Geburtstage,
927 2093 965 2135 an
989 2069 1158 2135 demselben
1179 2070 1262 2156 Tage
1285 2093 1323 2134 an

201 2189 270 2254 dem
289 2211 321 2254 er
339 2189 480 2255 dreizehn
495 2189 587 2280 Jahre
602 2212 695 2255 anvor
706 2189 780 2256 iiber
791 2189 985 2256 Mithridates
998 2189 1220 2276 triumphirend
1231 2189 1265 2253 in
1277 2188 1326 2254 die

203 2307 393 2396 Hauptstadt
415 2309 597 2396 eingezogen
619 2307 718 2389 war'’;
737 2348 776 2358 -
793 2309 902 2374 Caesar
919 2309 1043 2374 ineunte
1070 2331 1171 2373 mense
1197 2307 1325 2374 Octobri

202 2429 241 2494 ad
286 2431 457 2515 Aegyptum
502 2427 638 2515 appulit;
690 2429 751 2494 iem
792 2435 951 2513 antequam
995 2428 1027 2492 in
1072 2435 1181 2493 terram
1227 2428 1322 2508 exiit,

78 2595 80 2599 ,
204 2550 231 2613 ei
254 2548 427 2614 Theodotus
449 2549 561 2614 donum
585 2554 743 2614 cruentum
763 2549 956 2636 necopinanti
978 2547 1100 2615 obtulit.
1146 2549 1241 2614 Pauci
1260 2547 1324 2612 dies

204 2667 304 2754 igitur
327 2667 568 2748 intercesserant,
600 2667 709 2752 quibus
741 2668 795 2732 vix
822 2668 886 2734 lieri
909 2674 983 2754 potu
1004 2674 1040 2732 ut
1060 2674 1149 2755 ceput
1171 2667 1325 2734 divulsum

203 2793 398 2872 putresceret.
444 2786 493 2850 Ad
516 2809 664 2852 summam
687 2809 749 2852 rem
774 2809 844 2851 sane
866 2787 942 2851 nihil
964 2787 1105 2874 pertinet.

247 2904 347 2970 Facile
369 2903 567 2990 intelligimus
590 2904 709 2991 singula
736 2927 890 2992 quaeque,
914 2928 990 2991 quae
1016 2907 1095 2971 laeta
1121 2927 1183 2970 esse
1205 2926 1325 2969 narran-

204 3030 273 3104 tur,
298 3045 391 3108 quum
415 3023 513 3088 herois
537 3045 643 3110 corpus
661 3023 899 3104 combureretur,
922 3047 939 3089 a
961 3031 1049 3111 potta
1067 3023 1323 3110 planefictaesse.

205 3145 255 3210 Sic
278 3143 369 3208 etiam
389 3141 513 3208 ultimos
535 3143 604 3207 libri
625 3165 727 3209 versus
748 3143 786 3208 ad
810 3143 965 3209 historiam
977 3144 1072 3231 ipsam
1084 3165 1143 3207 non
1156 3141 1325 3208 referendos

207 3285 271 3329 esse
290 3284 379 3327 nemo
393 3284 454 3326 non
466 3261 553 3326 facile
565 3259 699 3342 videbit,
723 3262 754 3326 in
767 3261 878 3346 quibus
889 3269 978 3348 potita
989 3262 1033 3328 ira
1049 3245 1216 3328 commotus
1228 3261 1327 3327 omnia

206 3381 285 3446 male
314 3384 452 3468 Aegypto
483 3381 682 3467 imprecatur,
711 3403 788 3467 quae
818 3382 901 3468 regio
931 3381 1052 3448 bustum
1080 3405 1196 3448 sacrum
1220 3403 1323 3470 quam·

207 3503 253 3566 vis
276 3501 431 3566 sordidum
450 3500 556 3586 Magni
575 3501 743 3587 complexa,
764 3507 864 3566 tamen
884 3523 946 3566 non
964 3502 1056 3589 digna
1073 3501 1111 3568 ab
1133 3525 1169 3568 eo
1188 3501 1323 3582 babetur,

207 3643 283 3707 quae
305 3619 373 3686 telis
396 3619 454 3684 viri
477 3618 647 3705 sepulerum
670 3619 728 3685 sibi
750 3620 943 3686 commissum
966 3620 1102 3708 aspiciet.

243 4137 262 4198 ¹}
282 4132 355 4190 Caes.
375 4135 418 4189 48.
454 4132 547 4206 Pomp.
567 4135 609 4190 80.
627 4133 674 4189 ubi
692 4152 774 4207 paene
792 4134 884 4189 iisdem
904 4133 992 4190 verbis
1010 4132 1079 4189 idem
1096 4136 1226 4190 narratur.

242 4219 263 4290 ²)
282 4216 317 4276 R.
336 4219 367 4275 G.
386 4219 442 4276 III.
460 4219 521 4278 435.
557 4218 654 4276 Confer
671 4219 793 4276 Pisscher
810 4219 889 4277 Ram.
906 4218 1013 4280 Zeittal.
1030 4238 1074 4294 pg.
1094 4221 1154 4279 278.
