3296 5132
770 447 811 510 39

231 651 268 715 de
301 648 431 715 Curione
465 661 631 718 narrantur.
676 652 764 719 Unde
798 656 936 740 sequitur
970 661 1000 720 et
1035 657 1155 721 Florum
1178 656 1215 720 de
1237 656 1284 720 his
1301 662 1345 720 ta·

230 769 337 834 cuisse.
382 767 491 854 Neque
526 771 688 836 Plutarcho
726 795 822 859 neque
849 772 951 839 Cassio
989 775 1082 839 Dioni
1113 774 1143 838 in
1178 775 1226 838 his
1258 775 1346 839 rebus

174 946 175 949 ,
232 911 285 952 uos
315 887 404 952 fidem
434 888 541 953 habere
571 891 617 954 fas
648 897 710 971 est,
746 914 840 977 quum
874 893 960 958 ambo
994 917 1055 958 non
1079 893 1152 958 satis
1176 893 1346 957 discernant

181 1049 183 1051 >
231 1029 306 1092 quae
340 1008 413 1089 hoc,
450 1032 585 1095 quaeque
618 1010 769 1096 superiore
803 1033 881 1076 anno
914 1012 945 1076 in
976 1019 1081 1077 senatu
1106 1018 1224 1098 peracta
1247 1017 1346 1075 essent

230 1128 339 1212 Itaque
381 1127 462 1192 haud
503 1128 588 1192 facile
628 1135 676 1192 est
717 1134 849 1194 statuere
893 1152 981 1214 quem
1019 1139 1169 1196 auctorem
1204 1130 1345 1194 Lucanus

230 1252 350 1312 secutus
381 1245 431 1309 sit.
477 1247 557 1310 Fieri
587 1253 685 1332 potest
715 1255 751 1312 ut
780 1247 902 1314 Livium
935 1255 1085 1314 auctorem
1115 1249 1268 1326 habuerit,
1293 1249 1346 1334 qui

229 1366 295 1451 ipse
336 1387 373 1430 ex
411 1365 546 1429 Caesaris
587 1367 807 1430 commentariis
851 1367 969 1432 haurire
1006 1369 1149 1454 potuerit.
1195 1368 1241 1432 Eo
1274 1367 1345 1432 faei-

229 1485 287 1548 lius
322 1485 379 1550 hoc
410 1485 588 1561 statuimus,
618 1485 761 1572 quoniam
789 1487 892 1551 eodem
925 1487 1014 1552 modo
1043 1488 1199 1552 Lucanum
1231 1507 1343 1550 errasse

229 1627 290 1688 quo
319 1602 488 1684 Caesarem,
517 1605 692 1689 ceteroquin
720 1627 787 1669 eum
818 1627 888 1669 cum
918 1605 1199 1670 commentariorum
1223 1610 1343 1668 auctore
1412 1633 1416 1642 ·

229 1724 397 1789 consentire
420 1725 565 1790 videmus.
611 1725 670 1788 Pro
694 1731 774 1790 certo
798 1733 897 1790 autem
917 1731 1048 1790 statuere
1071 1725 1209 1789 nolimus.

274 1841 360 1922 Quae
389 1842 528 1908 Lucanus
552 1841 687 1908 versibus
711 1845 773 1907 392
798 1867 880 1929 seqq.
905 1867 958 1908 nos
981 1844 1085 1922 docet,
1117 1843 1270 1908 Caesarem
1296 1866 1343 1907 eo·

222 1955 329 2026 irortes
357 1984 409 2046 per
432 1961 550 2025 Gallica
573 1983 642 2025 rura
664 1984 779 2047 sparsas
802 1985 941 2027 evocasse
965 1985 1073 2047 easque
1101 1961 1232 2026 Arimini
1256 1961 1342 2025 colle·

227 2079 307 2166 gissa
333 2080 398 2166 ipse
421 2079 528 2144 Caesar
551 2081 612 2144 fere
634 2080 740 2145 iisdem
764 2081 860 2146 verbis
884 2084 1050 2146 coufirmat.
1077 2081 1114 2165 (1.
1128 2083 1166 2165 8)·

272 2195 346 2263 Post
379 2198 544 2284 longiorem
580 2199 833 2264 enumerationem
857 2201 990 2264 omnium
1012 2201 1148 2286 gentium
1173 2221 1249 2283 quae
1273 2199 1344 2262 Cae·

228 2341 323 2383 sarem
357 2325 523 2404 sequuntur
557 2325 680 2396 'lmente
717 2341 827 2404 pronae
861 2317 893 2382 in
920 2317 1073 2397 ferruur''‚
1109 2319 1231 2382 Lucano
1254 2317 1350 2382 obiter

229 2437 451 2523 expugnatione
480 2435 642 2500 multarum
672 2437 794 2501 urbium
830 2442 1060 2502 commemorata
1095 2437 1132 2500 ad
1155 2437 1343 2521 repentinum
1436 2437 1439 2446 '

227 2562 368 2620 terrorem
402 2551 632 2620 describendum
672 2555 795 2635 transit,
838 2556 891 2640 qui
930 2554 1054 2620 Caesare
1093 2554 1205 2618 Itomae
1239 2576 1344 2640 appro-

227 2673 393 2760 pinquante
427 2673 508 2737 cives
530 2672 652 2738 invasit.
698 2673 824 2760 Equites
848 2659 963 2738 inimici
987 2674 1030 2738 ibi
1053 2673 1113 2738 iam
1137 2673 1238 2738 adesse
1272 2674 1345 2737 falso

227 2791 460 2870 nuntiabantur,
495 2813 555 2875 quo
588 2807 707 2856 rumore
734 2793 873 2878 evulgato
908 2792 1042 2858 consules
1074 2799 1104 2856 et
1126 2791 1261 2878 plerique
1284 2815 1346 2855 ma-

226 2910 369 2996 gistratus
402 2910 507 2975 urbem
537 2909 737 2994 reliquerunt,
774 2912 839 2998 ipso
874 2911 999 2977 Caesare
1034 2915 1166 2995 teste1).
1211 2910 1344 2996 Capuam

228 3051 331 3094 omues
362 3030 600 3108 contenderunt,¹
636 3030 711 3094 citra
749 3023 839 3116 quam
870 3030 974 3096 urbem
997 3030 1074 3094 nihil
1099 3029 1135 3094 iis
1159 3036 1260 3094 tutum
1283 3051 1346 3112 esse

179 3211 183 3218 .
228 3148 394 3214 videbatur.
439 3142 524 3213 Urbs
541 3155 605 3214 tota
626 3149 771 3214 deseritur
794 3148 899 3214 victori
913 3149 1253 3236 facilispraedarelicta.
1284 3149 1345 3212 Lu·

229 3291 320 3334 canus
343 3267 460 3354 ignavis
483 3268 660 3352 timidisque
677 3269 814 3354 profugis
833 3269 950 3332 veniam
961 3269 1107 3354 denegare
1120 3290 1179 3332 non
1193 3268 1271 3332 vult:
1296 3290 1346 3331 eos

228 3388 351 3474 purgari
370 3393 457 3470 putat
472 3387 587 3453 verbis:
621 3388 786 3474 „Pompeio
810 3387 946 3473 fugiente
969 3386 1110 3453 timent''.
1156 3385 1250 3466 Quasi
1273 3409 1344 3450 vero

229 3507 314 3571 ducis
347 3507 484 3570 socordia
518 3508 670 3572 fautorum
704 3507 827 3594 ignavia
858 3507 993 3571 excusari
1012 3508 1128 3593 posset!
1169 3505 1223 3570 Ita
1246 3504 1346 3568 defen-

229 3626 319 3691 dendi
360 3623 475 3690 ratione
513 3633 600 3712 poeta
642 3649 740 3712 neque
781 3632 871 3710 auget
905 3625 988 3690 illius
1019 3625 1214 3710 dignitatem,
1249 3645 1344 3706 neque

228 3745 335 3810 horum
365 3747 483 3832 culpam
506 3745 659 3811 diminuit.
705 3745 776 3810 Nou
802 3767 904 3808 omnes
929 3750 1031 3809 autem
1054 3743 1196 3808 factionis
1218 3745 1344 3829 Pompe·

228 3865 313 3929 ianae
354 3865 485 3930 fautores
527 3865 605 3930 hanc
640 3863 743 3950 fugam
777 3863 955 3950 approbasse
984 3862 1089 3928 Cicero
1124 3863 1210 3927 testis
1237 3871 1282 3926 est
1305 3865 1344 3945 ²).

263 4148 280 4210 ι)
300 4143 330 4197 Β.
350 4142 378 4195 0.
399 4141 421 4194 Ι.
445 4143 482 4198 14.

260 4231 281 4298 Ιι)
300 4227 341 4282 ar
359 4230 417 4282 au.
546 4269 551 4282 .
