3308 5138
724 417 785 479 129

190 649 265 712 quas
284 625 427 690 Lucanus
445 623 548 699 affert,
568 643 623 686 cur
645 621 769 687 comites
789 621 847 687 hoc
868 623 1026 709 inceptum
1041 623 1163 693 homine
1174 627 1310 694 Romano

189 745 392 832 indignumei
407 723 619 821 dissuaserint,
642 741 791 808 seeodem
815 741 899 807 fonte
922 764 1013 808 usum
1035 767 1097 810 esse
1121 753 1312 834 quopo'e'tam

189 865 332 932 ostendit.
375 861 558 928 Manifestus
592 859 672 925 enim
704 881 757 946 per
784 865 879 926 totam
911 861 1112 951 narrationem
1136 885 1310 932 consensus.

188 985 328 1050 Fortasse
355 981 513 1069 Appianus
547 1001 583 1044 ex
606 978 796 1066 Theophanis
820 978 946 1045 historia
970 980 1088 1064 hausit,
1112 1006 1205 1069 quem
1226 1007 1273 1049 res
1295 1007 1313 1049 a

192 1103 336 1190 Pompeio
370 1107 468 1188 gestas
503 1097 693 1184 descripsisse
728 1103 835 1164 notum
866 1105 930 1178 est,
962 1101 1078 1188 quique
1106 1102 1198 1168 etiam
1224 1102 1313 1170 Livio

189 1222 331 1288 historias
363 1218 506 1284 scribenti
527 1217 594 1282 fons
616 1239 679 1282 esse
701 1218 822 1305 potuit,
853 1221 934 1286 unde
964 1219 1109 1288 Lucanus
1143 1247 1199 1289 sua
1233 1229 1314 1311 pete-

190 1349 246 1406 ret.
292 1340 351 1405 Sed
373 1337 547 1404 et'cassius
569 1335 629 1402 Dio
649 1360 772 1424 prorsus
795 1339 899 1405 eadem
922 1363 1000 1426 quae
1023 1341 1183 1432 Appianas
1202 1349 1234 1409 et
1252 1343 1314 1409 Lu·

190 1485 285 1528 canus
299 1441 408 1526 ¹narrat
429 1481 529 1545 neque
553 1457 615 1523 ulla
637 1459 753 1525 ratione
776 1459 934 1547 discrepat.
980 1459 1067 1526 Num
1098 1463 1201 1550 igitur
1223 1467 1314 1527 teme·

109 1645 112 1650 .
189 1583 280 1646 ritate
310 1578 470 1644 accusandi
501 1600 623 1658 sumus,
660 1576 714 1644 ubi
740 1601 791 1644 cos
824 1578 951 1644 Livium
977 1586 1097 1646 secutos
1120 1603 1184 1647 essa
1207 1578 1315 1645 statui·

190 1725 278 1782 mus,
319 1698 565 1787 quandoquidem
607 1697 769 1767 maximum
813 1721 993 1764 consensum
1026 1700 1105 1766 inter
1138 1722 1189 1767 eos
1223 1706 1315 1784 atque

189 1822 329 1900 Florum,
353 1817 469 1884 fidelem
491 1817 576 1883 Livii
595 1817 781 1883 imitatorem
806 1816 989 1884 intercedere
1012 1819 1173 1885 videmus?

237 1941 375 2006 Constat·
405 1937 496 2004 etiam
529 1937 728 2025 Pompeianos
763 1937 797 2002 iu
827 1930 936 2003 ¹Asiam
976 1938 1125 2004 Minorem
1160 1936 1316 2025 paullatim

191 2063 314 2128 coiisse.
341 2058 519 2126 Deiotarum
542 2057 574 2122 in
598 2057 659 2122 hoc
681 2079 807 2122 numero
829 2059 988 2144 acceptum
1008 2058 1117 2139 fuisse,
1138 2055 1318 2123 Plutarchus

192 2180 288 2246 dicit:
322 2179 374 2244 aul
399 2180 503 2259 μικρὸν
527 2175 649 2259 ὕστερον
674 2176 787 2250 ἰδόντες
813 2177 877 2244 ἀπὸ
904 2185 964 2256 γῆς
988 2176 1205 2256 ἁμιλλώμενον
1229 2175 1319 2252 Ausd-
1393 2195 1395 2198 ·

191 2322 285 2380 rupea
311 2300 363 2364 τὸν
393 2298 535 2378 βασιλέα
566 2297 920 2380 προροιναλαμβάνουσιν
948 2301 985 2385 ¹).
1031 2297 1116 2364 Sitne
1139 2299 1168 2364 ei
1193 2321 1210 2363 a
1232 2295 1322 2362 Pom·

193 2419 263 2506 poio
286 2417 479 2500 mandatum,
503 2416 586 2503 quod
606 2416 749 2482 Lucanus
772 2423 888 2500 narrat,
912 2417 1062 2484 incertum
1091 2414 1147 2484 est.
1193 2417 1318 2483 Sextum

195 2561 268 2603 vero
287 2537 387 2603 filium
411 2560 442 2602 se
461 2537 540 2624 patri
559 2538 620 2602 iam
642 2537 750 2620 Lesbi,
774 2560 874 2623 neque
888 2533 1015 2625 postea,
1039 2537 1174 2604 iunxisse
1197 2559 1234 2602 ex
1256 2537 1321 2603 loco

195 2658 306 2724 Dionis
330 2656 428 2723 Cassii
450 2657 615 2723 verisimile
638 2664 684 2723 est
707 2661 745 2745 ⁹).

229 2779 343 2861 Quem
371 2778 474 2844 locum
497 2777 606 2844 deinde
627 2777 770 2845 Lucanus
793 2777 931 2845 nominat
954 2799 1017 2864 quo
1044 2775 1141 2843 Lesbo
1164 2775 1267 2842 relicta
1289 2798 1320 2840 se

195 2899 398 2978 contulerint,
426 2897 478 2963 ubi
502 2897 717 2978 deliberarent,
741 2898 768 2962 is
790 2895 875 2984 apud
894 2902 1014 2984 politam
1037 2890 1173 2984 perverse
1195 2895 1321 2961 fortasse

195 3018 330 3104 Syuedra
353 3023 489 3084 vocatur.
535 3015 715 3082 Plutarchus
738 3017 904 3085 Attaleiam
927 3016 1060 3104 appellat
1075 3018 1116 3102 8),
1141 3037 1236 3100 quum
1259 3019 1322 3102 Ap·

195 3137 304 3222 planus
326 3136 408 3201 nulle
431 3135 504 3201 urbe
524 3137 706 3202 nominatim
725 3137 808 3202 dicta
825 3137 980 3224 regionem
998 3135 1138 3202 Ciliciam
1159 3135 1273 3201 indicet
1284 3137 1323 3221 ⁴).

194 3255 319 3321 Elorum
342 3255 468 3342 Syedras
495 3256 622 3322 eundem
646 3279 767 3322 vocasse
790 3257 851 3323 iarn
871 3256 1014 3322 vidimus.

242 3375 445 3443 Historiarum
474 3375 634 3463 scriptores
664 3375 723 3463 ipsi
756 3375 952 3457 dissentiunt,
984 3374 1059 3460 quid
1087 3375 1120 3442 iu
1153 3373 1279 3440 consilio
1306 3395 1323 3440 a

196 3493 344 3582 Pompeio
389 3502 552 3562 convocato
598 3502 700 3561 actum
741 3495 797 3577 sit,
841 3518 932 3582 quam
974 3495 1105 3581 quisquc
1144 3493 1323 3560 sententiam
1434 3483 1438 3491 ’

196 3613 369 3702 protulerit.
415 3615 475 3681 Dio
510 3614 648 3697 Cassius,
678 3637 741 3683 non
768 3615 925 3703 probabile
956 3620 1041 3682 ratus
1074 3613 1254 3704 Pompeium
1291 3635 1322 3686 se

208 3815 445 3832 *ιι-..ὠμη-

231 3961 253 4034 ¹)
271 3958 364 4034 Pomp.
383 3959 426 4020 73.
551 3951 555 4027 s

230 4049 252 4120 1)
270 4049 302 4104 Β.
322 4049 353 4105 o.
372 4046 461 4104 xtu.
481 4046 506 4106 a.

232 4137 252 4208 ³)
271 4135 365 4208 Pomp.
385 4135 427 4194 76.

231 4221 473 4296 oneum
