3308 5138
789 647 891 720 Iader
915 670 1028 719 nonus.

396 864 494 930 Cuius
530 863 600 930 libri
634 865 693 930 iam
730 870 942 952 argumentum
973 861 1153 950 descripturi
1183 883 1305 944 sumus,
1345 864 1372 928 is
1402 864 1469 930 aliis

353 983 494 1050 omnibus
529 983 711 1070 posthabitis
751 984 812 1049 lere
846 983 937 1048 solam
971 981 1129 1048 historiam
1162 981 1285 1048 Catonis
1319 982 1468 1063 continet,

352 1101 531 1190 laboresque
565 1103 717 1191 depingit,
747 1127 823 1191 quos
846 1103 879 1169 in
903 1101 1005 1170 Africa
1027 1100 1123 1168 subiit
1145 1125 1179 1168 ac
1201 1101 1280 1166 mira
1300 1101 1470 1166 constantia

355 1226 387 1285 et
405 1221 520 1288 virtute
541 1224 700 1291 sustinuit.

396 1343 498 1409 Pauca
535 1365 606 1409 vero
641 1349 729 1431 polita
762 1342 945 1430 praemittit,
987 1341 1100 1428 quibus
1133 1347 1248 1422 narret,
1284 1362 1345 1426 quo
1381 1341 1470 1406 modo

352 1460 452 1527 anima
486 1462 641 1550 Pompeii,
676 1461 765 1529 busto
798 1462 905 1528 relicto
938 1461 977 1527 ad
1010 1461 1130 1548 piorum
1165 1460 1249 1526 sedes
1286 1460 1468 1539 evolaverit,

353 1603 442 1666 quem
484 1583 643 1662 Lucanus,
685 1583 857 1648 Platonicos
890 1587 1013 1648 secutus
1048 1583 1127 1647 inter
1158 1586 1268 1646 terram
1301 1582 1468 1667 lunamque

349 1701 464 1786 posuit.
499 1704 522 1788 1)
568 1702 644 1768 Inde
696 1701 776 1767 vidit
825 1702 992 1782 mundum,
1047 1708 1222 1790 quantaque
1274 1701 1332 1768 sub
1378 1706 1468 1766 nocte

350 1817 477 1902 iaceret,
519 1821 587 1888 risit
630 1822 761 1888 ludibria
804 1823 921 1910 corpori
963 1846 1018 1890 suo
1058 1822 1144 1888 illata
1177 1829 1269 1909 atque
1302 1820 1468 1888 amicorum

351 1939 465 2005 animos
501 1963 540 2007 no
581 1965 598 2008 a
640 1943 753 2007 virtute
787 1948 817 2007 et
859 1943 1006 2030 patientia
1042 1943 1234 2024 desisterent,
1279 1942 1468 2009 confirmarit

347 2064 378 2124 et
399 2059 496 2127 auxit.

393 2177 484 2261 Cato,
507 2181 561 2268 qui
583 2181 659 2248 bello
682 2183 766 2248 civili
790 2189 894 2249 exorto
917 2183 1051 2271 partibus
1073 2183 1211 2271 Pompeii
1234 2183 1371 2265 favebat,
1397 2183 1469 2249 licet

350 2319 453 2364 revera
480 2299 628 2365 nullarum
659 2300 791 2388 partium
819 2308 913 2384 esset,
945 2302 997 2367 sed
1024 2302 1191 2368 libertatem
1216 2302 1296 2368 tueri
1320 2301 1380 2368 sibi
1401 2325 1467 2390 pro·

349 2417 517 2504 posuisset,
545 2426 614 2505 post
643 2443 776 2508 pugnam
798 2423 1003 2488 Pharsalicam
1023 2423 1126 2488 statim
1150 2429 1215 2488 toto
1237 2428 1358 2510 pectore
1379 2421 1468 2488 Pom·

352 2537 477 2624 poianus
500 2544 580 2605 erat:
605 2541 717 2625 patriae
741 2564 860 2608 oausam
885 2549 1016 2608 tutorem
1039 2541 1235 2609 desiderantis
1250 2541 1401 2628 suscepit,
1424 2542 1470 2628 ig·

350 2657 435 2722 navis
458 2657 592 2723 animum
612 2659 744 2736 addidit,
770 2661 905 2749 Pompeii
919 2669 1019 2749 partes
1030 2662 1090 2728 sibi
1102 2662 1278 2749 depoposcit
1289 2662 1347 2726 hoc
1365 2660 1470 2726 discri-

351 2777 433 2843 mine
456 2784 587 2860 servato,
612 2780 693 2864 quod
716 2803 842 2868 regnum
866 2803 927 2847 non
957 2783 1098 2848 affectans
1121 2781 1234 2847 bellum
1258 2781 1349 2846 civile
1366 2778 1469 2867 gessit.

351 2897 506 2983 Reliquias
533 2898 685 2985 copiarum
716 2899 777 2965 huo
800 2907 890 2985 atque
912 2900 985 2965 illuc
1007 2901 1088 2965 fusas
1111 2899 1234 2986 collegit
1257 2907 1287 2965 et
1308 2899 1469 2986 Corcyram

352 3018 480 3085 insulam
518 3018 645 3104 petivit,
683 3021 762 3085 unde
800 3019 833 3084 in
872 3019 1006 3086 Africam
1036 3019 1172 3086 traiicere
1202 3019 1347 3084 instituit.
1400 3017 1470 3099 Quo

349 3137 431 3203 facto
476 3138 635 3226 Phycunte
670 3139 767 3205 deleta
808 3161 884 3226 quae
924 3139 995 3204 urbs
1025 3138 1112 3204 classi
1141 3143 1247 3225 portus
1277 3136 1470 3224 praecludere

354 3281 426 3323 ausa
464 3263 528 3338 est,
568 3257 693 3324 classem
726 3258 939 3344 Pompeianam
974 3257 1171 3346 deprehendit
1205 3257 1244 3323 ad
1277 3256 1470 3335 Palinurum,

354 3399 415 3443 non
457 3375 534 3442 illud
574 3378 828 3464 promontorium,
871 3377 970 3463 quod,
1012 3399 1121 3443 nomen
1155 3377 1330 3444 abAenaeas
1363 3378 1472 3463 guber·

356 3503 461 3564 natore
491 3497 618 3578 ducens,
651 3497 684 3562 in
715 3497 800 3562 Mare
827 3497 1014 3582 Tyrrhenum
1044 3496 1210 3584 prominet,
1234 3497 1287 3562 sed
1315 3495 1348 3562 in
1370 3497 1472 3564 littore

354 3670 562 3681 ——n—

385 3768 405 3838 ¹)
443 3767 539 3824 Confer
563 3765 715 3822 Macrobius
743 3765 831 3822 Somn.
850 3763 919 3837 Soip.
933 3763 956 3821 I.
975 3782 1018 3838 pg.
1037 3765 1079 3824 57.
1097 3762 1145 3821 Ed.
1163 3764 1224 3837 Bip.
1261 3766 1475 3829 ,Immutabilem

348 3853 453 3927 quidem
481 3852 572 3908 mnndi
598 3857 699 3926 partem
727 3870 743 3906 a
763 3851 886 3924 sphaera,
906 3869 973 3924 quae
990 3851 1096 3925 aplanes
1116 3851 1226 3919 dicitur,
1247 3869 1332 3925 usque
1350 3852 1383 3909 ad
1400 3853 1476 3926 globi

234 3997 237 4002 ,
347 3939 449 3995 lunaris
476 3938 623 4006 exordium,
652 3937 806 3994 mutabilem
833 3956 895 3994 vero
919 3957 935 3993 a
956 3936 1020 3994 luna
1038 3936 1071 3994 ad
1089 3940 1172 3994 terras
1190 3957 1274 4012 nsque
1292 3939 1430 4008 dixerunt3
1448 3946 1476 3998 et

347 4027 436 4082 vivere
463 4025 563 4080 animas
585 4023 646 4079 dum
671 4025 699 4079 in
720 4023 881 4080 immutabili
898 4025 973 4096 parte
989 4023 1151 4091 consistunt,
1171 4025 1343 4080 morientem
1362 4044 1423 4082 oum
1441 4027 1475 4084 ad

347 4117 447 4186 partem
471 4110 622 4168 oeciderunt
639 4109 841 4182 permutationis
859 4127 993 4181 capacem
1012 4112 1092 4183 atque
1109 4109 1167 4167 ideo
1185 4111 1255 4168 inter
1270 4109 1361 4168 lunam
1379 4117 1475 4173 terres-

347 4218 403 4278 qne¹
415 4198 503 4257 locum
520 4197 612 4256 mortis
631 4201 658 4254 et
675 4197 818 4256 inferorum
835 4195 950 4255 rooari.’'
