3296 5132
720 453 758 516 77

115 655 117 661 ’
177 662 268 726 efficit
299 666 335 724 ut
364 659 470 723 fratres
498 656 697 736 afratribuS,
732 662 869 742 parentes
893 680 910 721 a
932 657 1002 722 filiis
1025 657 1222 724 trucidentur.
1271 660 1297 723 A

176 781 231 845 tali
253 780 385 844 facinore
407 784 494 864 putta
517 777 703 841 humanitate
728 783 827 840 motus
850 775 999 843 abhorret.

222 897 355 963 Tandem
378 896 467 962 duces
491 894 616 960 instanti
640 893 749 960 victori
773 894 896 960 cessisse
919 900 1045 960 constat.
1077 895 1164 977 Quae
1186 895 1298 982 Appia·

179 1041 236 1082 nus
259 1017 296 1082 ds
319 1015 473 1081 deditione
495 1013 588 1079 tradit
611 1035 648 1078 ex
669 1011 794 1079 Caesare
817 1013 913 1100 petita
935 1036 997 1078 esse
1019 1036 1081 1079 non
1103 1013 1244 1079 videntur
1255 1017 1298 1100 ¹);

180 1134 360 1223 paucissima
390 1139 510 1199 tantum
540 1133 577 1198 dc
607 1132 664 1198 hoc
694 1132 772 1197 hello
802 1133 960 1220 Appianus
991 1139 1106 1216 narrat,
1132 1156 1209 1219 quae
1230 1155 1301 1198 uus·
1336 1122 1338 1126 ¹

181 1277 271 1340 quam
292 1254 426 1319 locorum
450 1251 530 1340 apud
553 1250 709 1317 Caesarem
732 1252 941 1320 inveniuntur.

224 1370 334 1438 Caesar
357 1395 407 1437 eos
430 1372 596 1437 incolumes
619 1371 744 1439 dimisit.
776 1373 936 1461 Appianus'
954 1372 1111 1439 Caesarem
1131 1373 1203 1439 talia
1221 1373 1304 1438 locu-

183 1499 249 1558 tum
271 1515 335 1558 esse
358 1491 462 1556 scribit
474 1493 516 1577 2):
541 1493 567 1558 ai
590 1493 624 1568 δή
645 1517 692 1566 τις
718 1491 784 1558 ἔστι
809 1517 860 1573 μοι
884 1497 957 1575 παρ’
985 1494 1067 1573 ὑμῶν
1093 1494 1165 1574 ὑπὲρ
1187 1492 1303 1558 τούτων

185 1613 234 1697 (oh
259 1611 426 1677 libertatem
446 1619 476 1675 et
499 1609 591 1676 vitam
616 1608 810 1700 condonatas)
833 1613 945 1696 χάρις,
969 1613 1108 1698 φριὶζετε
1135 1613 1219 1678 αὐτὰ
1238 1619 1303 1684 τοῖς

184 1729 347 1807 Πιμτιρίιυ
370 1731 574 1811 στρατιώταις
599 1729 734 1805 ἅπασιν,
773 1756 850 1819 quae
869 1739 1036 1815 testantur,
1059 1732 1193 1798 Caesaris
1216 1731 1305 1797 hene·

186 1851 347 1915 volentiam
370 1856 401 1916 et
424 1851 635 1917 conscientiam
657 1852 850 1938 pulcherrimi
884 1854 974 1935 facti,
1004 1853 1147 1918 iudicem
1169 1872 1305 1917 severum

186 1993 246 2036 uon
269 1970 441 2037 metuentis.
1067 1973 1069 1978 ’

228 2089 408 2156 Plutarchus
442 2089 614 2156 brevissime
647 2097 766 2156 tantum
799 2090 910 2156 bellum
944 2092 976 2156 in
1007 2091 1157 2182 Hispania
1187 2095 1306 2176 gestum

187 2216 294 2275 tractat
318 2213 354 2296 ³).
400 2209 605 2276 Inveniuntur
627 2216 728 2276 tamen
755 2210 836 2296 apud
858 2233 927 2276 eum
950 2210 1111 2291 nonnulla,
1137 2233 1213 2297 quae
1236 2232 1309 2277 nus-

188 2353 276 2415 quam
289 2331 377 2412 alias,
395 2331 540 2396 nonnulla
557 2331 660 2410 etiam,
681 2352 758 2415 quae
777 2329 856 2417 apud
876 2352 971 2396 unum
983 2328 1140 2411 Orosium‚
1164 2331 1219 2416 qui
1240 2353 1310 2397 cum

189 2451 274 2516 Floro
305 2473 339 2516 ao
369 2451 493 2516 Lucano
524 2451 689 2527 consentit,
718 2451 872 2537 leguntur.
917 2449 1003 2514 Num
1026 2449 1123 2536 igitur
1144 2451 1201 2515 hac
1223 2450 1311 2515 inre
1353 2525 1355 2528 .

189 2571 370 2636 Plutarchus
399 2569 489 2635 Livio
519 2569 601 2636 fonte
633 2593 704 2634 usus
727 2571 784 2650 sit,
818 2570 947 2635 affimare
970 2593 1031 2635 non
1053 2570 1203 2652 ausimus,
1235 2570 1310 2635 licet

189 2691 244 2754 hoo
272 2697 307 2754 ut
330 2712 385 2776 pro
408 2713 478 2755 vero
502 2689 702 2779 accipiamus,
735 2688 821 2755 facile
850 2689 1044 2770 inducamur,
1065 2689 1309 2774 quandoquidem

189 2807 370 2874 Plutarchus
391 2809 425 2873 in
448 2808 599 2874 tradendis
622 2809 709 2875 rebus
733 2809 848 2874 Romae
872 2832 889 2874 a
910 2807 1036 2874 Caesare
1058 2807 1151 2894 gestis
1173 2809 1238 2895 ipse
1259 2808 1327 2873 Li··
1362 2871 1365 2878 .

191 2929 273 2993 vium
303 2937 437 2994 autorem
459 2930 610 3010 nominat,
635 2929 689 2994 nbi
702 2929 885 2994 insomnium
898 2927 1100 3015 Calpurniae,
1124 2927 1209 2992 aliter
1221 2949 1310 3013 quam

191 3048 281 3135 vulgo
304 3049 379 3113 fieri
392 3049 483 3131 solet,
508 3050 601 3115 tradit
623 3052 660 3136 4).

234 3169 274 3233 ln
304 3169 407 3255 Illyria
431 3193 549 3256 quoque
571 3170 683 3236 bellum
707 3169 795 3234 civile
819 3173 981 3248 exarserat,
1005 3165 1058 3232 uhi
1083 3172 1182 3232 autem
1206 3154 1311 3230 Caesa-

190 3291 231 3354 ris
253 3311 334 3354 arma
356 3311 417 3354 non
440 3289 543 3354 eadem
562 3289 696 3370 fortuna,
721 3311 782 3372 qua
806 3287 838 3352 in
861 3285 1027 3372 Hispania,
1052 3291 1205 3367 usasunt,
1229 3285 1312 3370 quod

76 3449 78 3453 ,
190 3408 295 3474 Florus
317 3407 365 3473 his
387 3407 487 3473 verbis
510 3407 652 3494 exprimit
675 3410 700 3494 ⁵)
727 3406 861 3492 ,aliquid
883 3404 1025 3470 adversus
1037 3405 1190 3472 absentem
1204 3403 1310 3470 ducem

223 3727 242 3788 ¹)
262 3723 295 3780 B.
320 3719 350 3777 C.
373 3717 413 3776 H.
437 3719 481 3774 42.
511 3713 642 3772 ἐτέθεσιιι
669 3719 735 3783 τιιῖς
762 3713 908 3789 ardutate
936 3719 989 3782 τὰς
1008 3711 1146 3779 ἀσπίδας,
1168 3709 1231 3782 ὅπερ
1251 3707 1330 3790 ἐστὶλ

190 3817 330 3890 σύμβολον
350 3815 468 3882 {aurata
489 3811 702 3886 παραδιδόντων.

222 3906 536 3982 assumar

222 3995 234 4033 a

222 4004 244 4154 ll
262 3996 339 4140 Cdirsl.
356 3996 414 4138 iil.
438 4080 503 4137 Obs.
529 4079 571 4139 67.
607 4077 688 4153 Apud
710 4076 784 4136 Plut.
808 4077 882 4133 Caes.
902 4076 945 4136 87.
964 4074 1045 4131 etiam
1065 4072 1145 4129 aliam
1162 4071 1319 4130 relationem

189 4169 314 4245 legimus,
334 4187 401 4244 quae
417 4165 592 4224 etauiviana
602 4168 629 4222 et
639 4165 672 4222 ab
683 4183 714 4222 ea
723 4181 801 4238 quam
810 4160 972 4219 Plutarchus
980 4161 1092 4234 primam
1101 4157 1162 4228 dat,
1180 4158 1319 4232 discrepat.

224 4256 419 4331 &Htw
