3308 5138
710 417 770 480 101

180 622 303 688 castello
334 624 366 687 iu
398 623 552 689 castellum
583 624 749 690 munitione
779 625 935 712 perducta.
981 624 1077 690 Cuius
1098 627 1210 715 incepti
1234 636 1294 695 tres

181 764 285 808 causas
318 741 424 807 Caesar
446 744 557 822 tradit,
592 766 719 829 quarum
742 744 847 810 ultima
869 745 915 810 vel
936 743 1101 832 plurimum
1124 746 1236 813 valuit:
1261 753 1296 812 ut

180 861 409 942 auctoritatem,
434 885 495 948 qua
516 863 567 929 ille
587 886 680 950 quum
700 864 827 929 maxime
849 865 929 951 apud
951 872 1065 930 exteras
1084 864 1219 930 nationes
1237 868 1295 931 niti

180 981 343 1062 videretur,
363 983 523 1064 minueret,
548 1007 640 1070 quum
659 985 737 1049 fama
748 1006 800 1071 per
812 984 1071 1050 orhemterrarum
1082 983 1296 1071 percrebuisset

178 1100 264 1165 illum
286 1124 304 1165 a
326 1102 451 1168 Caesare
473 1102 603 1168 obsideri
626 1126 722 1188 neque
744 1104 853 1168 audere
874 1104 985 1191 proelio
1009 1105 1175 1170 decernere.

224 1220 316 1307 Apud
328 1221 481 1286 Caesarem
506 1228 605 1287 antem
628 1223 774 1288 excidisse
796 1223 982 1309 suspicamur
1002 1222 1214 1301 narrationem,
1238 1243 1297 1306 quo

178 1340 268 1404 modo
295 1340 516 1426 Dyrrhachium
539 1340 718 1427 proditione
734 1343 797 1429 ipse
832 1364 934 1427 capere
969 1348 1092 1407 conatus
1127 1340 1183 1421 sit,
1219 1361 1295 1424 quae

179 1465 209 1524 et
231 1459 312 1544 apud
336 1460 508 1546 Appianum
532 1461 669 1540 evanuit,
696 1467 827 1526 attamen
849 1483 885 1526 ex
908 1461 1007 1526 Dione
1029 1459 1131 1524 Cassio
1155 1460 1296 1546 cognosci

178 1583 295 1662 potest,
321 1599 453 1662 quocum
476 1585 672 1664 congruenter
694 1579 837 1644 Lucanus
859 1601 921 1644 rem
944 1584 1053 1644 narrat.

222 1696 349 1762 Orosius
372 1697 442 1762 dein
465 1698 560 1778 nobis,
584 1697 735 1785 copiosius
754 1698 862 1778 solito,
881 1721 928 1763 res
945 1707 1013 1784 post
1036 1696 1149 1762 cladem
1166 1696 1204 1762 ad
1221 1696 1297 1784 Dyr·

178 1815 334 1880 rhachium
365 1824 480 1902 gestas,
511 1816 610 1882 refert.
656 1817 734 1894 Cum
770 1817 908 1902 Appiano
942 1816 1069 1880 maxima
1103 1817 1297 1902 congruentia

178 1937 326 2016 cernitur,
350 1959 411 2000 non
433 1944 534 2001 autem
555 1936 694 2020 estquod
714 1943 854 2022 putemus
876 1935 1048 2021 Appianum
1071 1934 1174 1999 eodem
1197 1934 1297 2012 fonte,

178 2054 285 2135 Livio,
314 2076 375 2139 quo
398 2054 538 2120 Orosium
571 2077 659 2120 usum
688 2077 761 2120 esse.
795 2053 876 2118 Fieri
898 2053 978 2118 enim
997 2059 1114 2138 potest,
1138 2057 1173 2115 ut
1197 2074 1298 2116 narra·

178 2177 236 2256 tio,
266 2199 284 2240 a
317 2175 454 2240 Pollione
483 2174 643 2240 memoriae
678 2173 812 2260 prodita,
847 2179 878 2238 et
903 2173 1040 2258 Appiano
1064 2179 1094 2236 ct
1116 2171 1206 2237 Livio
1229 2171 1296 2236 fons

178 2295 280 2361 fuerit.

222 2412 299 2493 Dio,
320 2412 449 2498 diligens
469 2414 642 2498 ceteroquin
671 2413 754 2478 Livii
777 2412 919 2493 imitator,
943 2418 1037 2478 totam
1059 2413 1138 2477 hanc
1160 2411 1198 2477 ad
1220 2411 1297 2498 Dyr·

166 2532 335 2603 .rhachium
358 2532 473 2598 cladem
496 2534 624 2598 strictim
646 2539 765 2598 tantum
788 2532 923 2618 attingit.

223 2651 261 2716 In
284 2651 514 2717 Commentariis
541 2651 692 2732 Caesaris,
716 2651 772 2716 etsi
797 2651 940 2715 victoriae
962 2650 1161 2737 Pompeianae
1184 2651 1297 2715 mentio

177 2794 236 2836 non
257 2773 309 2852 fit,
341 2771 476 2837 universe
494 2773 586 2836 tacita
615 2771 761 2836 confessio
784 2771 936 2835 invenitur
959 2793 990 2834 se
1013 2770 1050 2834 ad
1074 2769 1295 2855 Dyrrhachium

178 2914 195 2954 a
224 2890 370 2977 Pompeio
397 2891 514 2955 rictum
544 2913 618 2957 esse.
663 2891 756 2956 Recte
778 2889 874 2977 igitur
896 2890 1020 2954 fortasse
1042 2890 1182 2954 Lucanus
1204 2888 1294 2952 Pom·

179 3009 281 3096 peium
313 3032 348 3075 eo
377 3011 427 3076 die
458 3011 574 3077 bellum
603 3013 749 3077 conficere
771 3011 907 3097 potuisse
930 3010 1020 3090 dicit;
1051 3032 1171 3075 censam
1193 3015 1294 3074 tamen

179 3151 233 3193 cur
255 3150 316 3192 nou
339 3128 457 3210 fecerit,
482 3152 569 3214 quem
593 3131 631 3196 ad
659 3130 782 3195 modum
806 3130 938 3196 vidimus
949 3177 959 3208 ‚
983 3151 1044 3194 nou
1066 3135 1146 3194 recte
1170 3128 1295 3194 clemen·

179 3249 237 3313 tiae
259 3246 378 3313 tribuit.

221 3365 305 3431 Livii
326 3367 473 3432 Periocha
491 3366 565 3432 CXI
588 3368 770 3454 paucissima
799 3369 836 3433 de
858 3368 907 3433 his
930 3367 1017 3432 rebus
1039 3365 1142 3432 tradit.
1187 3365 1295 3431 Florus

180 3509 300 3571 quoque
322 3485 482 3550 verborum
511 3509 620 3573 parcus
648 3493 703 3552 est.
749 3485 875 3551 Orosius
905 3491 1055 3572 superest,
1079 3499 1211 3569 quocum
1233 3483 1295 3548 Lu·

180 3629 272 3671 canus
303 3605 408 3692 paucis
431 3612 551 3670 tantum
574 3606 706 3692 exceptis
730 3605 877 3692 congruit.
923 3605 1080 3669 Lucanum
1111 3604 1215 3688 itaque
1233 3604 1296 3668 sive

181 3749 215 3790 ex
256 3725 365 3805 Livio,
408 3725 470 3790 sive
506 3747 542 3790 ex
574 3725 682 3788 Asinio
723 3724 858 3789 Pollione
899 3723 1034 3788 hausisse
1067 3723 1202 3787 verimile
1236 3729 1297 3803 est,

181 3866 240 3929 quo
258 3845 433 3930 Appianum
456 3848 578 3909 auctore
601 3847 631 3908 et
654 3841 728 3907 alias
750 3865 838 3907 usum
860 3864 940 3920 esse,
963 3861 1020 3906 nos
1044 3839 1188 3926 suspicari
1210 3863 1299 3927 supra

180 3961 321 4028 diximus.

225 4082 325 4148 Verba
349 4082 468 4147 Orosii:
506 4081 691 4168 ,Pompeius
715 4082 849 4146 Caesaris
879 4103 998 4167 quoque
1029 4079 1203 4146 testimonio
1237 4080 1299 4144 vic-

182 4200 265 4281 tor”,
304 4202 415 4286 quibus
449 4200 557 4266 Caesar
590 4201 740 4266 indicatur
773 4201 837 4288 ipse
870 4201 966 4265 lassus
1000 4222 1064 4264 esse
1097 4222 1134 4281 se
1163 4223 1181 4268 a
1209 4197 1298 4266 Pom·
