3308 5138
866 402 928 464 114

379 608 444 674 Iam
477 629 532 673 nos
562 605 694 671 indicare
725 611 845 691 oportet
880 607 960 693 apud
991 607 1185 673 Plutarchum
1207 609 1332 674 Livium
1356 610 1453 698 ipsum

337 728 526 796 nominatum
544 748 622 806 esse,
644 725 697 810 qui
716 725 887 790 tradidisset
905 732 974 790 ante
992 749 1124 812 pugnam
1145 727 1349 794 Pharsalicam
1369 751 1454 795 omen

335 847 470 914 faustum
500 844 689 932 praedictum
718 865 785 928 esse
815 867 832 908 a
858 843 996 938 Cornelio
1019 845 1150 931 quodam
1174 847 1339 930 Patavino,
1365 850 1417 934 qni
1439 873 1456 914 a

335 965 498 1032 Plutarcho
537 964 705 1051 appellatur
740 965 813 1045 ἀνὴρ
844 963 1001 1043 εὐδόκιμος
1032 965 1083 1030 ἐπὶ
1113 975 1250 1049 μαντικῇ
1277 969 1313 1053 1).
1371 967 1456 1050 Quae

336 1085 443 1151 deinde
484 1082 664 1149 Plutarchus
706 1083 739 1148 in
778 1083 881 1150 eodem
924 1083 1023 1170 eapite
1068 1084 1176 1165 tradit,
1216 1085 1294 1172 apud
1340 1085 1454 1152 Iulium

337 1203 561 1289 Obsequentem
586 1205 664 1290 (cap.
688 1203 978 1288 eminentium,
1002 1204 1057 1289 qui
1079 1223 1117 1270 ex
1139 1204 1227 1270 Livio
1249 1205 1360 1271 hausit.
1400 1205 1455 1270 Ea·

337 1323 404 1388 dem
435 1323 514 1410 apud
546 1322 674 1388 Dionem
708 1321 847 1388 Cassium
881 1323 1039 1410 leguntur,
1078 1323 1134 1388 hac
1168 1325 1262 1410 igitur
1295 1325 1328 1389 in
1350 1347 1382 1390 re
1405 1325 1455 1391 Li·

335 1442 419 1508 vium
439 1447 584 1509 secutum.
627 1440 713 1522 Quae
735 1441 836 1506 omnia
858 1441 1031 1508 testimonia
1050 1450 1122 1509 sunt
1143 1443 1221 1508 hanc
1244 1465 1367 1529 quoque
1392 1465 1455 1530 par·

338 1568 399 1628 tem
429 1587 447 1628 a
476 1568 566 1650 po'e‘ta
596 1583 633 1626 ex
657 1560 762 1626 eodem
784 1560 867 1625 fonte
890 1561 1016 1648 petitam
1038 1584 1112 1630 esse.
1158 1563 1332 1628 Mirandum
1355 1569 1455 1628 autem

338 1689 401 1762 est,
433 1680 631 1750 Plutarchum
659 1679 796 1746 omnibus
824 1679 970 1766 prodigiis
993 1686 1083 1766 atqua
1106 1682 1255 1768 portentis
1277 1682 1456 1748 enumeratis

338 1807 407 1866 ante
436 1823 556 1888 pugnae
584 1797 831 1885 descriptionem,
867 1797 1017 1863 addidisse
1046 1819 1141 1865 unum
1165 1799 1256 1865 etiam
1278 1807 1309 1865 et
1331 1801 1456 1866 alterum

336 1941 456 2008 pugnae
478 1925 589 1986 eventu
611 1919 670 1984 iam
694 1916 861 2003 descripto.

355 2109 358 2116 ,
380 2039 488 2106 Aciem
510 2039 674 2126 depingens
694 2037 873 2102 instructam
899 2035 1041 2102 Lucanus
1064 2061 1081 2102 a
1104 2038 1229 2104 veritate
1251 2061 1313 2104 non
1335 2039 1456 2106 recedit.

337 2161 452 2226 Ambos
493 2159 655 2240 exereitus,
703 2157 755 2242 qui
796 2162 864 2223 ante
900 2178 1032 2242 pugnam
1068 2157 1256 2222 commissam
1291 2155 1456 2244 spartacum

338 2279 480 2352 σταδίους
504 2281 650 2352 ἀλλήλων
669 2279 821 2358 ἀπεῖχον,
836 2277 861 2361 ⁹)
880 2275 913 2340 in
931 2276 1052 2340 sinistra
1073 2275 1138 2363 ripa
1157 2275 1267 2362 Enipei
1289 2277 1392 2342 locum
1415 2285 1456 2343 te·

330 2383 439 2464 ¹nuisse
451 2398 540 2463 etiam
557 2397 663 2463 Caesar
682 2397 767 2462 testis
786 2403 831 2462 est
842 2399 878 2482 3).
902 2395 965 2460 Ubi
981 2395 1115 2461 Lucanus
1128 2396 1203 2480 dicit
1214 2397 1344 2462 Lentulo
1358 2419 1458 2462 curam

337 2517 452 2582 sinistri
464 2540 571 2582 comus
583 2518 684 2598 fuisse,
704 2517 862 2582 manifesto
874 2515 997 2582 fallitur.
1021 2514 1154 2581 Maxima
1167 2516 1246 2581 enim
1258 2516 1457 2603 discrepantia

338 2636 418 2702 inter
447 2659 549 2702 omnes
580 2642 634 2703 est.
680 2636 793 2702 Dextro
816 2659 908 2702 cornu
931 2635 1095 2700 Lentulum
1116 2635 1280 2722 praefuisse
1299 2636 1458 2723 Appianas

340 2762 441 2822 narrat
462 2757 507 2842 ⁴),
537 2755 709 2822 Domitium
739 2755 872 2820 sinistro.
918 2755 1003 2819 Idem
1025 2777 1080 2819 nos
1103 2755 1190 2820 docet
1212 2755 1392 2821 Plutarchus
1415 2758 1457 2840 ⁵),

341 2875 396 2961 qui
425 2876 518 2942 simul
550 2875 634 2941 addit
664 2876 763 2962 ipsum
794 2874 970 2960 Pompeium
1000 2875 1105 2940 dextro
1134 2875 1307 2961 praefuisse.
1351 2873 1459 2961 Neque

340 2997 450 3062 Caesar
486 2997 550 3084 ipse
595 3017 659 3061 rem
702 2993 832 3080 expedit.
885 2992 945 3058 Res
984 2992 1143 3079 expeditur
1176 2993 1203 3058 si
1236 2999 1267 3058 et
1300 2993 1458 3079 Appianas

340 3122 372 3181 et
382 3115 562 3182 Plutarchus
585 3138 638 3202 pro
650 3114 770 3180 sinistro
790 3113 927 3177 dextrum
946 3112 1099 3198 scripsisse
1116 3118 1273 3198 putamus:
1291 3113 1458 3178 Lentulum

340 3237 438 3325 igitur
460 3235 582 3300 sinistro
610 3233 791 3322 praefuisse,
817 3255 877 3317 quo
900 3231 932 3296 in
956 3254 1049 3297 cornu
1072 3233 1163 3298 simul
1185 3233 1348 3320 Pompeius
1365 3241 1458 3313 esset,

344 3360 433 3424 euius
467 3355 525 3421 sub
559 3355 700 3441 auspiciis
734 3353 883 3419 Lentulus
917 3371 978 3415 rem
1007 3351 1142 3438 gesserit.
1187 3352 1226 3418 In
1252 3353 1309 3418 hoc
1339 3354 1459 3420 sinistro

344 3499 439 3543 cornu
467 3481 552 3542 erant
575 3475 652 3540 duae
673 3473 809 3560 legiones
830 3470 989 3538 aGaesare
1012 3471 1139 3536 traditae
1157 3471 1246 3538 initio
1266 3473 1459 3542 dissensionis

340 3663 610 3677 —n——n-

375 3783 395 3845 ι)
414 3775 488 3832 (taes.
506 3774 550 3834 47.

317 3927 319 3932 ,
373 3864 395 3934 ²)
413 3864 483 3936 App.
501 3861 533 3918 B.
552 3860 580 3916 Ο.
599 3859 638 3917 ΙΙ.
657 3859 689 3914 65
709 3857 728 3915 i.
745 3859 764 3918 l.

374 3951 396 4022 ³)
415 3949 445 4006 B.
469 3946 643 4004 c.111.ss.
670 3946 767 4002 Confer
794 3945 874 4003 etiam
900 3942 997 4004 Leake.
1024 3945 1160 4004 Northern
1184 3943 1281 4006 Graece
1298 3947 1348 4006 IV.
1367 3949 1418 4006 320
1437 3951 1463 4005 et

337 4035 458 4094 Frontin.
486 4034 599 4105 Strateg.
617 4032 657 4091 Π.
676 4035 701 4092 3.
720 4035 763 4091 22.

373 4124 394 4186 4)
414 4123 482 4198 App.
500 4122 532 4180 B.
551 4121 580 4178 Ο.
599 4121 638 4178 II.
657 4121 700 4179 76.

376 4210 395 4282 ⁵)
415 4209 490 4266 Caes.
509 4210 551 4266 tt.
570 4207 664 4281 Pomp.
684 4207 725 4264 69.
