3296 5132
580 1155 803 1255 CAPUT
849 1157 1187 1258 Amulium.

450 1399 500 1457 DE
517 1399 698 1458 FONTIBUS
717 1399 766 1457 EX
783 1401 920 1473 QUIBUS
938 1403 1122 1460 LUCANUM
1139 1403 1316 1462 HAUSISsu

731 1501 951 1561 VERISIMILE
970 1504 1041 1563 EST.

757 2063 858 2135 Liber
873 2065 1016 2159 pu'uua

367 2280 462 2346 Postu
489 2303 541 2360 ne,
577 2280 630 2365 qui
660 2279 842 2346 Pharsaliam
873 2280 979 2346 lecturi
1000 2280 1076 2362 sini,
1099 2281 1152 2346 diu
1177 2281 1274 2364 ignari
1298 2290 1451 2348 maueaui‘

323 2421 425 2465 eorum
439 2422 515 2484 quae
532 2405 714 2464 tractaturus
726 2407 771 2465 est
779 2451 788 2481 ,
807 2400 866 2464 iam
878 2401 980 2465 statim
993 2402 1140 2487 po'e'matis
1152 2401 1250 2487 primo
1263 2424 1352 2467 versu
1365 2402 1441 2466 dicit

324 2543 355 2585 sa
379 2518 457 2586 bella
479 2518 549 2606 plus
572 2541 662 2605 quam
685 2519 785 2584 civilia
809 2542 913 2585 cauere
932 2522 968 2606 ¹).

366 2637 456 2705 Oanis
484 2638 578 2724 igitur
604 2637 713 2704 bellum
737 2638 840 2720 civile,
865 2639 912 2704 ius
935 2639 1038 2705 sceleri
1060 2640 1181 2720 datum,
1207 2639 1317 2726 quibus
1342 2639 1441 2704 verbis

323 2759 373 2825 cui
426 2755 552 2824 faeiioui
605 2759 721 2840 faveat,
769 2759 914 2824 continuo
963 2759 1088 2827 indicat.
1146 2761 1338 2844 Quamquam
1380 2781 1441 2824 non

327 2879 427 2944 solum
462 2879 534 2964 quia
571 2878 669 2944 victor
705 2902 766 2944 non
797 2887 843 2944 est
882 2880 925 2960 is,
967 2902 1057 2978 quem
1088 2887 1312 2966 expectaverat,
1354 2885 1443 2964 posita

325 2997 403 3064 dolet
434 2999 520 3085 signa
549 2998 666 3063 infestis
691 2998 785 3085 siguis
808 2998 913 3080 obvia,
946 3000 1008 3086 pila
1036 3000 1191 3067 minantia.
1237 2999 1318 3064 Dum
1342 2999 1442 3062 Crassi

322 3118 427 3184 umbra
454 3118 552 3184 inulta
582 3125 673 3198 errat,
704 3117 832 3206 placebit
861 3119 939 3185 balla
974 3118 1038 3207 geri
1072 3121 1171 3186 nullos
1193 3120 1364 3206 triumphos
1387 3119 1438 3184 ha-

356 3435 375 3500 l)
394 3431 468 3489 Haec
487 3430 566 3488 verba
583 3430 678 3488 Florus
698 3429 757 3504 (Ep.
776 3429 838 3486 Rar.
858 3428 935 3487 Rom.
955 3429 1004 3487 IV.
1029 3432 1055 3503 2)
1074 3432 1186 3490 fortasse
1209 3435 1270 3488 ante
1296 3433 1387 3490 oculos
1406 3433 1449 3488 ha·

319 3518 393 3587 buit,
411 3536 493 3591 quum
511 3533 606 3590 magno
625 3517 715 3572 aalma
738 3515 818 3573 animi
840 3516 944 3590 poitieo
964 3535 1089 3574 accensus
1102 3518 1204 3575 scribit:
1232 3520 1366 3584 ,Caesaris
1377 3520 1449 3576 furo·

319 3623 374 3663 mm
401 3611 482 3679 atqua
510 3593 629 3678 Pumpaii
657 3603 760 3672 urbam,
790 3601 912 3672 Italiam,
940 3607 1047 3676 gentes,
1076 3605 1316 3674 nationea,totu1n
1338 3605 1450 3680 denique

321 3710 374 3765 qua
391 3695 493 3766 pateret
510 3691 649 3766 imperium
667 3689 780 3765 quodam
799 3690 875 3763 quasi
892 3689 995 3747 diluvio
1013 3709 1045 3746 ex
1057 3690 1262 3748 inflammatione
1281 3693 1449 3765 corripuisse,

323 3775 387 3835 adeo
406 3781 438 3834 ut
457 3795 509 3834 non
530 3781 601 3835 recta
622 3781 728 3834 tamum
747 3779 818 3834 ciniis
835 3775 966 3833 diceretur
981 3795 1011 3832 aa
1029 3793 1062 3831 uu
1081 3775 1177 3833 sociale
1197 3774 1319 3850 quidem,
1338 3777 1384 3834 sed
1401 3798 1450 3835 nec

322 3867 473 3920 externum:
493 3863 538 3919 sed
555 3863 645 3938 potius
655 3881 792 3920 commuue
801 3859 932 3934 quoddam
949 3881 981 3918 ux
991 3861 1113 3918 omnibus
1126 3865 1154 3918 ot
1166 3860 1227 3936 plus
1237 3881 1315 3936 quam
1326 3862 1451 3922 bellum''.

358 3949 410 4005 Pro
437 3951 508 4007 cario
532 3953 620 4008 autem
642 3951 768 4006 uilirmare
791 3947 916 4005 audemus
935 3947 1056 4005 Otosium
1076 3947 1161 4020 (Risu
1180 3949 1238 4007 adv.
1257 3951 1358 4022 Pagan.
1376 3951 1450 4008 Lim.

323 4037 388 4096 VII.
408 4037 457 4095 Ed.
475 4035 670 4110 Zangemeisier
692 4035 722 4092 ΙΙ
742 4037 785 4106 18)
806 4033 837 4090 ud
857 4033 921 4090 haee
940 4033 1020 4090 verbu
1041 4039 1172 4107 spectasse
1182 4033 1228 4090 ubi
1237 4033 1316 4090 dicii:
1338 4035 1450 4099 ,Iisdem

325 4125 377 4181 fera
395 4121 487 4179 diebus
506 4119 605 4179 bellum
618 4119 710 4190 civile,
729 4121 808 4177 immo
828 4119 907 4178 eiiam
927 4117 987 4194 pius
1003 4137 1080 4194 quam
1100 4119 1248 4178 civim...
1268 4121 1338 4198 apud
1358 4123 1451 4181 Persas

327 4207 491 4286 gerebatur”.
