3296 5132
861 398 917 466 26'

315 613 389 679 Cum
415 611 551 678 fulminis
575 611 653 691 ictu,
673 611 727 695 qui
747 609 922 704 hominibus
941 609 1125 674 occaecando
1144 615 1285 674 terrorem
1305 605 1434 687 incutit,

319 733 433 817 quique
456 731 516 797 late
539 737 668 817 stragem
689 730 767 810 edit,
799 731 916 794 flemma
937 751 1061 793 corusca
1081 727 1185 793 oculos
1203 728 1435 814 praestringens,

289 905 291 910 .
320 849 473 915 aemulum
497 848 636 936 Pompeii
663 855 824 935 comparat.

360 967 476 1033 Lucani
516 968 635 1032 monitu
680 990 785 1033 causae
824 967 968 1032 malcrum
1005 989 1067 1031 non
1108 967 1204 1032 solum
1246 966 1279 1030 iu
1312 963 1437 1030 ducibus

320 1086 504 1172 quaerendae
516 1094 602 1152 sunt:
618 1086 739 1172 publica
751 1108 872 1172 quoque
894 1085 967 1151 belli
986 1085 1099 1150 semina
1115 1085 1246 1150 inveniri
1265 1092 1389 1172 possunt
1401 1087 1437 1170 ¹).

318 1204 432 1270 Praeda
466 1228 502 1270 ex
535 1205 660 1271 urbibus
683 1205 862 1292 expugnatis
893 1206 1019 1270 Romam
1043 1204 1166 1284 tralata,
1200 1204 1321 1290 rapinae
1354 1203 1438 1272 bellis

320 1323 450 1388 externis
472 1325 585 1411 lactas,
618 1323 725 1388 luxum
747 1322 962 1403 immodicum,
985 1323 1096 1386 famam
1119 1321 1183 1386 auri
1207 1343 1371 1406 numquam
1394 1344 1438 1384 sa·

319 1441 424 1508 tiatam
447 1463 563 1529 semper
589 1441 748 1528 augebant.
795 1441 885 1524 Quod
910 1441 1054 1506 Horatius
1075 1441 1174 1506 iocose
1196 1439 1334 1504 hortatus
1357 1448 1438 1518 crat,
1489 1465 1491 1471 ·

473 1560 504 1642 Ο
528 1562 625 1642 cives,
649 1563 747 1642 cives,
772 1561 941 1646 quaerenda
964 1560 1092 1647 pecunia
1116 1559 1247 1646 primum
1267 1565 1312 1623 est

477 1682 585 1748 Virtus
607 1688 675 1768 post
698 1683 852 1747 nummos!
868 1684 892 1767 ²)

322 1802 413 1870 uimis
434 1801 548 1868 Romae
570 1801 603 1866 in
625 1824 715 1866 usum
738 1807 876 1881 venerat,
901 1799 954 1864 ubi
976 1821 1083 1864 aurum
1111 1799 1207 1887 pluris
1230 1796 1443 1862 aestimabatur

325 1944 415 2006 quam
450 1923 562 2002 virtus,
593 1943 688 2006 quum
716 1927 876 2007 paupertas
898 1920 1030 1984 virorum
1054 1918 1199 1996 fecunda,
1223 1925 1258 1982 ut
1277 1917 1441 1984 maximum

323 2039 436 2105 malum
467 2041 628 2126 fugeretur.
675 2040 748 2104 Non
777 2040 804 2102 is
834 2045 898 2102 erat
928 2037 1056 2124 populus
1088 2037 1140 2121 qui
1167 2059 1271 2123 pacem
1294 2044 1437 2100 servaret:

325 2158 402 2224 bello
437 2159 562 2246 praedae
593 2159 741 2239 facundo,
774 2157 917 2222 Romanis
950 2179 1026 2243 opus
1060 2163 1139 2221 erat:
1183 2155 1242 2220 vile
1272 2155 1355 2219 nefas
1377 2175 1443 2238 pro·

325 2275 430 2342 bitatis
463 2279 563 2344 locum
602 2277 741 2357 tenebat,
776 2277 900 2342 avaritia
924 2276 1012 2340 fidem
1036 2283 1206 2358 ceterasque
1229 2273 1322 2338 bonas
1346 2278 1442 2348 artes,

325 2404 360 2461 ut
381 2397 541 2462 Sallustius
564 2397 638 2462 dicit
650 2400 694 2482 3),
719 2396 878 2461 subvertit.
923 2394 979 2459 Vis
995 2393 1303 2459 mensuraiuriscrat.
1339 2389 1444 2454 Hono·

324 2539 370 2581 res
391 2516 452 2582 iam
475 2539 537 2582 non
560 2540 613 2603 pro
638 2516 750 2581 meritis
772 2515 969 2601 gerebantur,
1003 2513 1129 2599 gloriam
1152 2513 1251 2589 anim,
1279 2511 1443 2593 honorem,

324 2635 497 2721 imperium,
527 2634 623 2700 bonus
646 2642 676 2699 et
698 2635 826 2720 ignavus
849 2655 941 2718 aeque
965 2632 1023 2698 sibi
1038 2625 1207 2718 'optabaut3
1231 2633 1326 2697 fasces
1350 2633 1445 2718 rapic-

325 2756 435 2821 bantur
457 2754 571 2843 pretio,
601 2753 681 2818 uude
703 2752 815 2819 bellum
838 2753 918 2816 inter
939 2751 1012 2816 duas
1032 2751 1177 2815 sactiones
1200 2757 1317 2833 ortum,
1341 2751 1446 2816 multis

327 2874 400 2941 utile
424 2880 497 2942 erat.

368 2993 508 3059 Lucanus
530 2991 742 3058 reconciliandi
765 2990 921 3056 Caesarem
944 3013 1011 3056 cum
1030 2989 1173 3076 Pompeio
1187 2989 1446 3055 conatussilentio

323 3111 551 3199 praetermittit3
575 3109 716 3196 praeterit
740 3133 774 3174 ea
797 3133 917 3195 quoque
944 3133 1019 3195 quae
1043 3110 1074 3174 iu
1100 3117 1205 3176 senatu
1229 3116 1296 3174 acta
1309 3131 1444 3193 quaeque

326 3231 514 3297 conditiones
549 3255 566 3294 a
596 3231 718 3294 Caesare
748 3229 827 3294 latae
851 3239 939 3309 sunt,
973 3238 1005 3293 ut
1030 3230 1061 3294 in
1087 3230 1198 3294 medias
1220 3252 1283 3310 res,
1307 3228 1344 3293 ad
1367 3228 1446 3314 ripas

328 3349 493 3415 Rubiconis
513 3372 567 3414 nos
586 3350 754 3414 transferat.
800 3347 908 3412 Caesar
932 3349 1011 3414 enim
1024 3347 1136 3434 gelidas
1151 3347 1244 3433 Alpes
1256 3348 1317 3411 iam
1329 3369 1447 3432 supera·

329 3475 411 3532 verat
445 3473 475 3532 et
505 3466 543 3531 ad
574 3467 759 3531 Rubiconem
783 3467 969 3532 constiterat.
1015 3466 1075 3530 Hic
1098 3473 1186 3552 potita
1208 3465 1368 3551 imaginem
1391 3464 1448 3528 Pa·

329 3585 404 3650 triae
426 3585 604 3670 trepidantis
626 3591 695 3650 ante
715 3585 819 3650 oculos
842 3586 927 3650 ducis
950 3585 1084 3650 scelerati
1104 3584 1223 3670 prodire
1247 3591 1348 3664 curat,
1372 3605 1448 3668 quae

330 3726 399 3768 eum
433 3704 561 3769 retinere
595 3712 702 3770 conata
733 3705 848 3769 verbis:
886 3706 977 3786 '‘Quo
1001 3704 1125 3769 tenditis
1150 3704 1248 3782 ultra,
1280 3727 1339 3788 quo
1364 3702 1448 3767 sertis

365 3943 383 4012 ¹)
403 3940 478 3996 conf.
506 3938 538 3994 dc
560 3940 677 3996 moribus
696 3941 875 3996 Romanorum
898 3939 1060 4014 depravatis:
1088 3938 1211 4007 luvenal,
1236 3941 1279 3999 eiu
1300 3939 1454 4002 Sittenrieb·

329 4032 368 4082 tor
387 4027 472 4081 seiner
492 4025 550 4080 Zcit
568 4045 619 4080 von
639 4027 682 4081 Dr.
701 4026 731 4082 P.
751 4025 882 4093 Doetsch,
903 4027 932 4081 Π
953 4045 968 4083 a
987 4032 998 4097 pi
1018 4028 1042 4082 l.
1062 4029 1086 4089 2.
1106 4029 1130 4092 3.

366 4114 386 4182 ²)
406 4112 472 4166 Hor.
494 4110 575 4182 Epist.
594 4110 618 4167 1.
638 4113 662 4166 1.
685 4113 727 4166 53.

367 4199 387 4268 ³)
408 4195 471 4254 Sall.
490 4195 568 4252 Catil.
587 4196 650 4275 Cap.
670 4197 712 4265 10.
