3296 5132
731 401 772 463 63

189 617 218 674 et
251 609 288 674 ad
324 608 439 674 bellum
468 607 674 672 lacessendum
699 613 733 670 ‘et
756 605 793 670 ad
817 605 962 670 continuo
985 607 1158 672 tentandam
1180 609 1302 694 fugam,

188 739 291 795 tamen
311 728 454 812 iniquum
474 733 623 792 certamen
637 725 786 790 sustinere
797 747 858 789 non
869 730 1017 811 poteraut.
1053 725 1144 790 Rates
1155 727 1306 791 Romanae

187 848 395 935 pugnantibus
418 846 522 912 stabile
541 846 641 910 solum
663 843 862 930 praebebant,
884 844 922 908 ad
946 844 1083 910 cominus
1106 846 1305 932 pugnandum

189 967 382 1054 aptissimum
389 995 398 1047 3
419 967 508 1032 sociis
530 963 691 1030 navalibus
710 964 807 1051 igitur
819 963 898 1028 utin
912 973 989 1029 terra
1001 964 1116 1030 viribus
1130 967 1176 1030 uti
1188 964 1305 1030 licebat.

233 1087 429 1153 Occasionem
453 1109 561 1172 magna
583 1085 717 1150 facinora
740 1083 880 1148 narrandi
903 1083 1033 1150 oblatam
1056 1085 1209 1160 Lucanus
1225 1107 1307 1172 praes

188 1208 352 1272 termittere
375 1226 437 1271 uon
459 1205 538 1270 vult.
583 1203 758 1278 Constantia
781 1212 920 1268 narratur
943 1204 1016 1284 viri,
1042 1205 1097 1291 qui
1120 1205 1180 1270 sibi
1203 1205 1306 1270 ambas
1358 1291 1361 1300 ‚

187 1350 297 1392 manus
326 1349 458 1392 resecare
486 1324 619 1412 patitur,
645 1323 759 1408 quibus
782 1322 923 1387 abscissis
948 1324 1078 1409 pondere
1102 1332 1222 1388 tantum
1246 1345 1309 1388 cor·

187 1449 268 1533 poris
286 1469 408 1527 navem,
430 1447 461 1510 in
478 1467 568 1532 quam
581 1443 719 1523 desiluit,
734 1443 890 1508 submittit
895 1471 904 1523 ;
918 1443 1014 1507 virtus
1025 1443 1193 1530 Thyrrheni
1205 1442 1307 1508 cuius·

189 1567 255 1631 dam
291 1567 459 1652 posteritati
483 1565 628 1644 traditur,
665 1563 719 1650 qui
753 1562 850 1628 oculis
883 1563 998 1628 effossis
1029 1563 1061 1627 iu
1095 1562 1197 1628 hostes
1220 1585 1308 1628 caeca

189 1687 327 1770 quidem,
346 1690 446 1748 tamen
465 1707 526 1748 non
550 1683 635 1747 irrita
657 1683 717 1748 tela
739 1681 833 1748 misit.
863 1681 965 1747 Multa
987 1688 1017 1747 et
1040 1681 1188 1748 mirabilia
1211 1683 1306 1747 virtu·

188 1805 226 1868 tis
249 1804 384 1890 exempla
406 1803 461 1868 illo
485 1803 551 1883 die,
574 1804 700 1869 Lucano
723 1809 819 1883 teste,
845 1801 1021 1869 edebantur.

231 1927 350 2009 Anceps
384 1929 484 1986 tamen
517 1921 585 1988 belli
619 1944 707 1986 casus
743 1943 805 1985 nou
834 1926 908 1986 erat.
953 1919 1089 1987 Maxima
1110 1942 1179 2008 pars
1203 1921 1309 1986 Massi·

188 2041 329 2106 liensium
352 2041 453 2106 classis
476 2063 511 2106 eo
535 2040 584 2106 die
607 2064 702 2106 mersa
720 2049 784 2122 est3
807 2062 921 2126 paucae
939 2063 1032 2106 naves
1051 2043 1211 2129 praecipiti
1233 2043 1308 2128 fuga

188 2162 224 2226 ad
265 2161 384 2226 navalia
425 2168 636 2247 pervenerunt.
688 2163 793 2228 Luotu
829 2168 923 2245 atque
956 2160 1057 2226 dolore
1091 2163 1164 2228 urbs
1198 2162 1310 2248 repleta

189 2288 264 2345 erat:
289 2281 321 2344 in
343 2279 444 2344 littore
466 2286 589 2360 matres,
615 2279 740 2346 cadaver
762 2281 934 2345 Romanum
945 2281 1114 2368 amplexae,
1140 2282 1307 2367 promeriti

190 2423 312 2487 corpore
342 2398 512 2479 habebant;
546 2408 708 2486 patresque
735 2399 817 2486 rogis
840 2399 972 2464 accensis
995 2399 1031 2464 de
1056 2423 1178 2487 corpore
1202 2409 1311 2464 trunco

191 2519 361 2597 certabant,
386 2519 470 2603 quod
492 2519 547 2583 filii
569 2519 730 2584 miserrimi
752 2541 816 2584 esse
837 2519 999 2606 putabant.
1026 2519 1087 2584 Hic
1110 2526 1311 2585 eventuserat

190 2639 303 2724 primae
327 2637 441 2702 navalis
464 2637 610 2703 victoriae
633 2631 658 2703 a*
672 2637 858 2704 Caesarianis
881 2645 1058 2726 reportatae.

233 2878 338 2964 Imago
373 2877 473 2942 Iuliae
505 2877 650 2964 Pompeio
675 2877 837 2943 dormienti
860 2879 938 2958 visa,
964 2901 982 2942 a
1005 2879 1131 2944 Lucano
1154 2879 1225 2944 ficta
1249 2886 1310 2957 est,

190 3001 240 3065 sed
263 3001 305 3064 ita
322 3001 406 3079 ficta,
424 3009 460 3062 ut
484 2999 556 3063 hnic
579 2999 789 3085 descriptioni,
813 3023 873 3086 qua
897 3001 983 3065 ducis
994 2999 1123 3064 inseiicis
1136 2997 1229 3062 animi
1245 3019 1309 3082 per-

190 3119 393 3184 turbationem
422 3119 554 3183 indioare
587 3118 673 3198 vult,
694 3119 815 3185 laudem
835 3121 980 3206 denegare
997 3119 1145 3197 nolimus,
1166 3141 1239 3204 qua,
1259 3117 1312 3202 qui

189 3261 290 3304 revera
312 3243 401 3324 po'e'ta
424 3247 565 3315 vocatur,
587 3238 699 3325 dignus
722 3246 777 3305 est.
822 3238 861 3304 In
883 3237 1022 3324 Pompeii
1042 3237 1236 3302 meditatione
1247 3237 1310 3302 Lu·

190 3381 282 3423 canus
305 3358 391 3422 heroi
413 3381 469 3422 suo
491 3358 584 3423 verba
603 3358 698 3423 Stoici
718 3358 847 3424 Senecae
864 3357 1005 3438 subiicit,
1019 3379 1115 3443 quum
1128 3356 1310 3442 Pompeius,

190 3478 276 3564 quasi
301 3479 435 3544 sincerus
457 3477 578 3544 Stoicus
602 3477 693 3543 dicit-r

747 3603 801 3662 aut
824 3619 904 3663 mors
928 3597 995 3684 ipsa
1018 3595 1112 3677 nihil,

294 3720 360 3784 Aut
382 3718 461 3782 nihil
484 3724 529 3782 est
552 3739 657 3781 sensus
680 3717 790 3781 animis
813 3739 831 3780 a
853 3721 950 3781 morte
973 3715 1112 3780 relictum
1137 3715 1205 3800 (39)

189 3838 294 3902 iisdem
309 3838 408 3904 verbis
420 3837 537 3917 utitur,
563 3835 676 3922 quibus
688 3835 757 3902 Sen.
770 3835 878 3902 Troad.
892 3858 937 3901 vs.
951 3837 1013 3900 395
1028 3834 1138 3901 chorus
1151 3833 1311 3900 mulierum

190 3957 398 4038 (iboianarumz

349 4081 418 4160 post
444 4081 572 4139 mortem
594 4074 672 4138 nihil
696 4084 761 4152 est,
784 4073 909 4159 ipsaque
932 4095 1012 4139 mors
1035 4071 1122 4139 nihil.

233 4195 296 4260 Ubi
327 4195 419 4259 tradit
451 4194 613 4260 Curionem
643 4193 676 4257 in
706 4193 840 4259 Siciliam
870 4194 997 4259 missum
1028 4215 1107 4273 esse,
1138 4198 1230 4280 potita
1252 4217 1312 4260 uon
