3308 5138
878 403 939 464 106

759 703 861 776 Ic‘ber
886 702 1052 797 septimus.

385 979 584 1046 Proverbium
611 1003 724 1067 ,quem
743 979 817 1046 deus
848 979 970 1067 perdere
1000 979 1087 1060 uult,
1111 977 1196 1066 prius
1218 976 1400 1058 dementat',
1432 979 1464 1044 in

343 1099 522 1186 Pompeium
553 1105 622 1164 ante
663 1121 811 1186 pugnam,
847 1121 906 1184 qua
940 1119 1003 1164 sors
1032 1097 1099 1164 eius
1132 1097 1356 1178 decerneretur,
1394 1104 1464 1184 apte

342 1217 489 1306 quadrare
511 1218 640 1286 videtur.
687 1218 739 1283 Dii
762 1217 791 1283 ei
818 1217 981 1284 dormienti
1004 1217 1092 1282 inane
1115 1216 1298 1282 insomnium
1320 1216 1461 1298 mittunt,

343 1361 403 1425 quo
429 1339 602 1405 memoriam
625 1337 769 1426 pristinae
792 1337 947 1403 felicitatis
971 1341 1112 1418 evocent,
1136 1335 1189 1402 sed
1212 1335 1302 1402 simul
1325 1335 1462 1402 ultimam

339 1465 454 1548 partem
489 1459 568 1525 vitae
602 1458 673 1524 olim
700 1457 826 1538 felicis,
860 1479 894 1552 eo
919 1455 1071 1522 crudelius
1104 1455 1152 1520 his
1181 1454 1269 1520 rebus
1297 1455 1460 1541 prosperis,

342 1580 403 1652 iam
425 1602 506 1646 nunc
537 1577 665 1665 elapsis,
701 1583 863 1664 opponant.
910 1575 977 1642 Sibi
1007 1575 1088 1640 euim
1115 1575 1198 1639 visus
1221 1579 1267 1639 est
1289 1595 1406 1640 caruere
1428 1575 1460 1640 in

339 1700 479 1780 Thestro,
503 1723 521 1765 a
545 1721 576 1764 se
609 1697 676 1785 ipso
710 1701 872 1779 exstructo,
898 1695 1047 1784 populum
1071 1695 1242 1778 Romanum
1271 1693 1357 1758 laetis
1379 1693 1459 1758 voci·

342 1818 401 1886 bus
434 1841 544 1884 nomen
574 1839 664 1882 suum
686 1815 725 1882 ad
748 1815 845 1882 sidera
871 1815 1043 1894 tollentem,
1074 1833 1246 1898 cuneosque
1267 1813 1378 1900 plausu
1400 1834 1460 1878 cer·

339 1945 446 2006 lantes.
492 1936 575 2002 Talis
609 1935 683 2002 olim
717 1935 777 2000 fuit
811 1934 902 2000 facies
935 1931 1058 2022 populi,
1092 1933 1162 1998 talis
1195 1931 1306 1998 clamor
1340 1933 1461 1999 auditus

339 2066 393 2140 est,
428 2080 524 2143 quum
546 2055 675 2133 iuvenis,
704 2059 801 2121 octale
830 2054 921 2142 primi
943 2052 1109 2140 triumphi,
1132 2051 1274 2140 gentibus
1297 2051 1460 2139 Hispaniae

341 2177 464 2244 domitis
493 2178 610 2242 fructus
643 2176 784 2242 fortunae
817 2173 965 2239 secundae
988 2173 1102 2238 Romae
1125 2171 1290 2258 colligeret.
1334 2169 1459 2236 Utinam

341 2319 463 2363 somnus
486 2318 566 2381 quo,
591 2317 628 2360 ne
651 2294 730 2360 mala
748 2291 893 2358 instantia
912 2291 1024 2374 rideat,
1047 2291 1162 2357 lumina
1184 2291 1249 2357 eius
1271 2296 1459 2378 merguntur,

341 2438 403 2501 quo
424 2414 572 2480 felicitate
592 2413 715 2479 iamiam
732 2413 765 2478 in
785 2418 939 2477 aeternum
955 2433 1082 2478 evasura
1101 2411 1229 2492 fruitur,
1248 2411 1330 2477 nullo
1341 2433 1460 2477 rumore

339 2533 550 2620 alirumpatur!
588 2531 647 2598 Sed
683 2553 731 2596 res
771 2532 877 2596 ducem
913 2532 1064 2617 quiescere
1097 2554 1158 2597 non
1192 2531 1306 2597 sinunt.
1358 2531 1460 2596 Prima

340 2653 420 2718 enim
436 2651 490 2717 lux
513 2651 629 2716 infelici
649 2651 715 2715 viro
733 2650 934 2737 gratissimam
953 2651 1107 2738 praeteriti
1130 2651 1273 2738 temporis
1288 2651 1459 2717 memoriam

340 2772 465 2854 adimit,
497 2778 533 2836 ut
563 2793 632 2858 eum
662 2769 771 2835 mediis
794 2770 826 2835 in
849 2768 938 2835 rebus
960 2777 1063 2857 ponat.
1108 2770 1263 2836 Oduram
1287 2771 1458 2852 veritatem,

339 2891 426 2979 plane
448 2889 628 2956 contrariam
648 2890 732 2956 suavi
755 2889 919 2955 insomnio!

381 3009 495 3076 Milites
516 3033 546 3075 se
575 3009 765 3097 impatientes
794 3001 962 3096 praestant}
986 3033 1039 3076 sua
1064 3009 1192 3096 quisque
1214 3033 1249 3076 ac
1271 3009 1377 3097 populi
1400 3011 1459 3077 Ro·

337 3130 419 3196 mani
442 3130 504 3195 fata
526 3129 725 3216 praecipitare
745 3129 846 3217 cupit:
867 3151 987 3216 segnem
1006 3131 1209 3218 pavidumque
1228 3131 1334 3197 ducem
1350 3141 1460 3198 vocant

284 3295 286 3301 ·
338 3272 372 3315 cc
401 3247 530 3314 nimium
561 3247 655 3313 soceri
686 3247 821 3314 Caesaris
850 3249 1026 3336 patientem.
1073 3250 1218 3332 Queritur
1240 3251 1325 3318 miles
1347 3251 1458 3319 bellum

338 3368 418 3434 trahi
443 3390 533 3453 sequa
563 3367 679 3433 diutius
711 3390 802 3452 quam
821 3391 896 3455 opus
924 3369 1046 3451 fuisset,
1076 3371 1214 3457 procula
1235 3373 1331 3458 petria
1353 3374 1458 3438 teneri.

338 3485 499 3552 Paoundus
540 3486 645 3552 Cicero
689 3487 825 3553 omnium
868 3487 1000 3572 querelas
1036 3488 1074 3554 ad
1112 3490 1289 3578 Pompeium
1323 3494 1456 3578 pertulit.

340 3609 496 3687 „Fortuna
507 3643 549 3657 —
562 3605 664 3690 inquit
677 3645 716 3656 -
735 3606 801 3694 ipsa
811 3613 952 3694 precatur
967 3613 1001 3673 ut
1017 3630 1048 3673 se
1060 3607 1106 3673 uti
1118 3609 1204 3682 velis.
1238 3611 1280 3676 Te
1291 3611 1403 3697 pudeat
1414 3612 1457 3676 vi·

340 3726 415 3792 cisse
449 3749 466 3790 a
500 3725 650 3791 militibus
682 3732 828 3792 coactum.
883 3727 960 3793 Noli
988 3727 1104 3794 diutius
1133 3736 1308 3816 expectare:
1340 3730 1457 3798 vibrant

339 3844 398 3909 tela
420 3866 544 3926 manus,
568 3847 621 3910 vix
642 3845 728 3932 signa
751 3846 913 3927 retinetur;

541 3962 672 4049 Propere
695 3985 732 4028 nc
754 3969 809 4029 tua
832 3965 953 4030 classica
976 3965 1131 4051 linquant,

538 4080 619 4146 Scire
642 4086 763 4146 senatus
786 4088 871 4164 avet,
897 4083 979 4151 miles
998 4091 1028 4160 te
1050 4083 1180 4180 Magne,
1205 4092 1348 4182 sequatur

541 4199 591 4268 An
614 4221 721 4274 comes.
770 4203 836 4302 (85)
