3308 5138
739 408 778 471 79

197 640 229 682 se
258 622 484 696 concurrentes,
518 614 692 699 semetipsos
715 613 910 678 interfecisse.
956 611 1074 677 Basilus
1097 613 1183 677 cuius
1211 635 1320 678 nornen

195 736 277 821 apud
299 735 423 800 Livium
445 757 506 799 non
529 733 712 819 reperimus,
737 732 774 797 ab
796 731 907 796 Oresio
930 731 1054 817 quidem
1077 738 1108 796 et
1123 731 1320 798 Floronomi·
1420 727 1422 730 ’

196 861 296 920 natur.
341 854 426 919 Idem
458 853 564 918 Florus
594 858 695 917 narrat
726 851 807 938 quod
838 852 999 929 Lucanus,
1029 847 1104 916 duas
1133 873 1224 917 naves
1247 851 1319 917 effu·

196 973 291 1059 gissa,
314 995 409 1057 quum
433 994 521 1037 unam
548 992 625 1056 quae
649 969 846 1056 Opiterginos
869 969 999 1050 ferebat,
1023 991 1161 1055 quaeque
1184 969 1320 1035 invadis

198 1091 315 1170 haesit,
351 1091 472 1156 silentio
504 1112 564 1155 non
601 1082 825 1176 praetermittit.
872 1086 1185 1154 Animadvertendum
1219 1096 1323 1153 autem

197 1218 257 1290 est,
287 1211 445 1276 Lucanum
475 1209 530 1274 hac
559 1208 592 1273 in
625 1231 656 1274 re
686 1208 801 1273 fontem
831 1207 921 1272 Floro
941 1206 1067 1272 fortasse
1090 1206 1190 1272 luisse.
1237 1208 1323 1290 Quae

197 1328 279 1394 enim
301 1327 407 1394 Florus
430 1327 567 1414 scripsit:
594 1327 723 1407 „missae
747 1348 867 1412 quoque
890 1306 916 1391 a¹
931 1325 1033 1392 Basilo
1053 1326 1085 1392 in
1098 1327 1244 1394 auxilium
1258 1328 1322 1393 eius

197 1453 293 1527 rates,
318 1447 423 1533 quales
446 1447 550 1534 inopia
573 1447 697 1512 navium
721 1446 870 1527 fecerant,
893 1467 972 1512 nova
991 1445 1243 1532 Pompeianorum
1260 1453 1324 1512 arte

195 1565 326 1631 Cilicum
349 1566 423 1630 actis
446 1566 502 1632 sub
525 1567 599 1631 mari
622 1566 764 1647 funibus,
788 1572 892 1653 captae
915 1565 999 1652 quasi
1023 1587 1076 1654 per
1100 1565 1313 1652 indaginem’',

198 1686 269 1750 ficta
291 1707 354 1750 esse
378 1685 518 1750 ridentur
542 1709 579 1750 ex
602 1685 720 1751 Lucani
743 1684 880 1751 versibus
903 1687 967 1750 499
989 1705 1072 1770 seqq.

359 1807 402 1870 At
424 1805 626 1891 Pompeianus
650 1804 769 1870 fraudes
792 1804 944 1870 innectere
965 1809 1059 1892 ponto

354 1923 489 2008 Antiqua
514 1929 686 2009 perstante
709 1921 808 2004 Cilix,
831 1944 1000 2010 passusque
1022 1945 1129 1989 vacare

354 2043 477 2108 Summa
504 2043 592 2123 freti,
615 2041 714 2108 medio
738 2042 894 2131 suspendit
918 2041 1040 2108 vincula
1062 2049 1170 2130 ponto,

355 2163 396 2227 Et
418 2163 500 2228 laxas
523 2162 642 2228 fluitare
665 2160 740 2226 sinit
761 2161 932 2248 religatque
955 2168 1075 2228 catenas
1245 2137 1249 2143 ¹

355 2281 453 2369 Rupis
465 2281 503 2347 ad
514 2280 653 2368 Illyricae
666 2280 806 2368 scopulis.
829 2280 897 2346 Nec
909 2280 1024 2368 prima,
1036 2303 1136 2366 neque
1147 2281 1199 2348 ille

354 2401 441 2483 Quae
465 2399 615 2486 sequitur,
638 2398 754 2464 tardata
776 2399 865 2466 ratis:
893 2399 946 2466 sed
968 2396 1058 2466 tertia
1081 2399 1176 2466 moles

356 2520 477 2602 Haesit,
502 2525 532 2584 et
555 2518 594 2584 ad
616 2524 716 2584 cautes
739 2517 869 2584 adducto
893 2519 966 2585 lune
989 2525 1091 2586 secuta
1110 2526 1166 2586 est.

244 2639 370 2706 Orosius
400 2639 537 2728 pluribus
567 2636 604 2703 de
638 2638 695 2703 hac
734 2660 765 2703 re
806 2638 943 2721 disserit,
976 2637 1180 2724 nonnullaque
1210 2639 1323 2706 ducum

198 2761 322 2826 nomina
343 2759 448 2839 refert,
478 2780 555 2843 quae
578 2756 659 2843 apud
680 2757 755 2822 alios
777 2781 838 2822 non
862 2758 1077 2838 inveniuntur,
1107 2780 1236 2843 quorum
1258 2761 1322 2847 Ap-

201 2881 309 2968 pianus
333 2881 358 2966 1)
381 2884 412 2944 et
433 2877 541 2944 Florus
563 2876 762 2941 Hortensium
785 2883 816 2942 et
838 2876 1026 2942 Dolabellam
1050 2877 1219 2944 nominant.

241 3000 398 3064 Lucanum
428 3019 487 3062 non
520 2994 679 3061 tradidisse
710 2996 881 3061 Antonium
914 2995 1027 3061 cladem
1062 2995 1227 3082 accepisse,
1262 2996 1322 3062 iam

200 3143 290 3206 supra
324 3116 504 3182 monuimus.
556 3114 698 3179 Vidimus
731 3137 800 3180 eum
836 3115 953 3180 Vulteii
987 3115 1099 3181 lactum
1132 3115 1322 3182 memorabile

200 3238 311 3305 vividis
342 3235 494 3310 coloribus
525 3233 693 3322 depinxisse
716 3241 808 3320 atque
832 3235 889 3299 hoe
912 3234 1017 3302 ardore
1046 3234 1165 3322 poetico
1199 3236 1322 3302 fortasse

200 3357 367 3424 adductum
386 3378 454 3420 eum
477 3354 515 3420 ab
534 3353 660 3420 historia
678 3354 840 3420 enarranda
857 3360 1016 3420 avocatum
1038 3376 1102 3420 esse
1125 3355 1320 3442 suspicamur.

200 3477 339 3542 Fortasse
362 3479 469 3562 poetae
491 3475 524 3538 in
546 3473 648 3548 animo
671 3483 751 3555 erat,
776 3477 883 3560 potma
904 3473 1081 3540 inchoatum
1103 3473 1245 3559 quidem,
1269 3473 1321 3540 sed

200 3594 465 3682 comperfectum,
486 3594 622 3660 confecta
644 3593 700 3658 hac
723 3615 845 3679 quoque
867 3598 951 3679 parte
973 3592 1011 3660 ad
1034 3594 1123 3658 finem
1149 3592 1321 3680 perducere,

202 3715 284 3804 quod
301 3714 463 3802 quominus
489 3719 703 3800 exsequeretur
721 3719 818 3778 morte
836 3706 1025 3800 praematura
1041 3711 1213 3800 prohibitus
1231 3719 1287 3782 est.

245 3835 306 3900 'Dio
329 3832 466 3916 Cassius,
496 3834 567 3900 licet
589 3855 684 3920 pauca
706 3838 826 3900 tantum
853 3831 890 3898 de
912 3831 1002 3899 rebus
1024 3831 1056 3899 in
1079 3831 1205 3919 Illyrico
1227 3832 1321 3922 gestis

187 4069 421 4087 ..annunt—⁶⁶⁸·-

193 4235 195 4242 ι
235 4217 256 4288 1)
275 4213 314 4272 n.
332 4210 375 4268 41.
