3296 5132
853 296 894 361 10

309 505 426 572 Neroni
447 505 588 570 Lucanus
612 503 733 592 ingenio
750 503 956 591 praecellebat.
986 503 1057 570 Iure
1075 504 1154 570 enim
1172 504 1287 570 Nisard
1303 506 1378 572 dicit
1388 511 1428 592 ¹)r

311 623 418 706 pCette
441 622 545 712 espdce
567 623 605 688 de
628 621 816 703 familiarite,
841 623 881 688 od
904 623 947 688 les
973 623 1122 689 distances
1145 629 1215 688 sont
1241 625 1429 708 conscendes,

310 749 357 809 cst
374 743 402 808 la
417 717 488 829 ¹plus
509 741 710 808 abrutissante
730 742 766 807 da
777 738 876 807 tontes
888 723 1143 809 lesservitudes't
1168 743 1287 809 Indoles
1298 745 1429 811 Neronis

310 861 442 928 invidiae
461 863 548 950 plena
565 867 645 943 erat,
665 867 699 926 ut
720 861 773 947 qui
794 861 972 928 histrionem
993 863 1079 948 quasi
1093 885 1212 950 gravem
1225 864 1428 930 adversarium

311 982 471 1063 occiderit;
508 983 649 1048 Lucanus
680 1003 765 1058 acer,
798 979 894 1046 laudis
924 980 1048 1062 aridus,
1079 983 1233 1048 servitutis
1262 983 1430 1072 impatiens.

311 1101 472 1168 Amicitias
498 1103 577 1168 inter
599 1101 655 1166 tali
673 1101 795 1187 ingenio
823 1100 948 1167 iuvenes
966 1101 1104 1167 libertate
1127 1108 1157 1168 et
1180 1126 1315 1170 sermone
1336 1104 1431 1170 libero

312 1243 409 1288 carere
439 1221 589 1309 oportuit,
622 1221 704 1306 quod
733 1219 938 1294 firmissimum
967 1243 1054 1287 verae
1084 1222 1235 1288 amicitiae
1258 1223 1432 1290 fundamen-

314 1345 379 1406 tum
403 1347 461 1408 est.
1427 1328 1430 1335 ¹

358 1461 498 1527 Lucanus
527 1465 667 1547 quaestor
690 1460 789 1528 factus
812 1482 926 1527 annum
949 1460 1140 1527 vicessimum
1163 1462 1330 1529 secundum
1343 1486 1433 1551 agens

317 1584 408 1664 (anno
431 1579 601 1646 DCCXIII
619 1580 659 1654 U.
679 1578 713 1646 C.
723 1608 732 1660 ;
757 1583 796 1645 60
820 1604 850 1667 p.
863 1581 899 1646 C.
912 1581 955 1665 n.)
976 1585 1106 1664 quatuor
1122 1581 1209 1646 annis
1225 1589 1294 1648 ante
1306 1588 1434 1648 aetatem

314 1701 378 1787 loge
412 1699 609 1765 constitutam
643 1699 746 1765 favore
780 1699 927 1786 principis
961 1700 1018 1764 hoc
1053 1721 1175 1766 munere
1204 1700 1387 1788 fungebatur
1407 1705 1433 1788 ²)

317 1820 413 1902 ,sCum
436 1819 577 1906 collegis,
600 1817 700 1884 Vacca
722 1818 842 1904 inquit,
867 1840 947 1885 more
965 1826 1037 1884 tunc
1055 1818 1169 1884 usitato
1190 1841 1300 1886 munus
1320 1822 1434 1908 gladia·

318 1940 429 2006 lorium
447 1938 544 2008 edidit
566 1937 698 2004 secundo
722 1937 826 2024 populi
848 1935 981 2003 favore''.
1019 1937 1143 2003 Tacitus
1165 1943 1266 2004 narrat
1280 1941 1306 2024 ³)
1326 1939 1435 2006 Publio
1495 2023 1503 2029 ι

316 2059 472 2126 Dolabella
493 2063 617 2145 rogante
640 2079 718 2122 anno
741 2056 845 2124 DCCC
872 2055 913 2124 U.
935 2058 971 2123 C.
997 2059 1049 2141 (47
1069 2081 1099 2145 p.
1116 2055 1151 2124 C.
1171 2058 1214 2143 n.)
1235 2059 1436 2125 constitutum

316 2201 396 2259 esse,
421 2185 456 2242 ut
479 2177 680 2264 spectaculum
703 2176 902 2264 gladiatorum
924 2199 976 2264 per
999 2198 1101 2241 omnes
1123 2199 1216 2242 annos
1240 2177 1437 2244 celebraretur

318 2297 447 2385 pecnnia
469 2318 571 2362 eorum
595 2295 649 2382 qui
672 2302 862 2380 quaesturam
886 2296 1139 2392 adipiscerentur,
1159 2297 1180 2361 i.
1202 2320 1228 2363 e.
1247 2304 1436 2382 quaestorum

317 2417 550 2504 designatorum.
596 2415 691 2480 Initio
724 2416 910 2503 principatus
943 2414 1027 2481 Nero
1057 2417 1135 2483 inter
1164 2417 1277 2482 multas
1306 2424 1337 2484 et
1359 2419 1437 2506 opti·

316 2559 380 2602 mas
404 2557 500 2602 rerum
524 2533 772 2600 commutationes
795 2535 852 2600 hoc
878 2534 1017 2620 graviore
1040 2557 1127 2602 onera
1147 2535 1321 2624 designatos
1334 2560 1435 2622 quaes·

316 2662 394 2722 tores
412 2653 554 2721 liberavit
571 2653 770 2734 decernendo,
793 2676 830 2718 ne
849 2653 918 2738 quis
933 2653 992 2718 illis
1008 2654 1117 2720 edendi
1134 2655 1316 2742 gladiatores
1336 2629 1437 2722 neces·

317 2775 390 2840 sitas
421 2761 511 2839 esset'.
554 2772 645 2855 Quod
668 2773 791 2858 quidem
813 2773 989 2839 adversante
1012 2775 1258 2862 Agrippina,'ut
1286 2776 1360 2841 dicit
1383 2776 1437 2842 Ta·

318 2896 415 2974 citus,
448 2899 600 2978 tamquam
628 2901 694 2958 acta
724 2881 845 2958 Claudii
865 2893 1127 2972 subverterentur,
1151 2895 1306 2962 obtinuere
1330 2902 1437 2982 patres.

316 3014 458 3081 Lucanus
489 3013 583 3099 igitur
611 3012 829 3099 gladiatoribus
860 3013 983 3079 edendis
1013 3036 1125 3081 morem
1149 3015 1271 3099 quidem
1294 3014 1439 3080 usitatum

317 3140 435 3201 secutus
462 3138 524 3212 est,
554 3155 651 3218 neque
682 3140 782 3198 tamen
812 3134 988 3199 necessitate
1022 3134 1202 3221 cogebatur,
1226 3155 1285 3218 qua
1307 3134 1438 3200 Neronis

318 3253 498 3320 liberalitate
520 3252 638 3318 solutus
665 3259 738 3318 erat.
785 3251 844 3317 Sed
868 3252 1030 3318 verisimile
1057 3258 1212 3332 osteum,
1235 3273 1439 3340 auraepopu·
1478 3337 1479 3340 Ἴ

319 3373 391 3440 laris
411 3371 555 3458 cupidum
575 3371 756 3456 avidumque
774 3371 903 3458 principi
921 3371 1072 3457 placendi,
1090 3371 1148 3436 hoc
1169 3394 1276 3437 munus
1295 3371 1439 3452 edidisse,

321 3492 434 3580 quippe
456 3491 505 3557 oui
528 3514 575 3557 res
602 3489 757 3556 familiaris
780 3490 853 3555 satis
877 3489 1034 3576 splendida
1053 3491 1164 3556 favoris
1178 3490 1335 3556 obtinendi
1347 3491 1439 3558 iacul-

315 3705 548 3716 ———-—

272 3815 273 3818 ¹
352 3853 373 3922 1)
392 3846 496 3906 Nisard.
516 3847 611 3902 Poetes
630 3845 724 3902 Latius
742 3843 774 3900 de
793 3843 819 3899 la
837 3841 993 3900 decadence.

351 3937 371 4005 Ἰ)
390 3936 527 4008 Augustus
546 3932 615 3988 enim
635 3931 720 3988 Dione
741 3933 848 3987 auctore
870 3929 937 4000 (LII
955 3931 997 3986 19.
1016 3931 1070 4001 20.)
1091 3947 1189 3985 annum
1210 3929 1363 3986 vicesimum
1386 3949 1444 3988 sex·

315 4027 373 4080 tum
390 4020 577 4086 constituerat,
599 4017 669 4075 unde
686 4020 810 4091 praetura
827 4015 883 4090 geri
905 4019 1001 4090 posset.

352 4112 372 4176 ὅ)
391 4110 463 4168 Ann.
483 4105 532 4166 XI.
552 4107 595 4165 22.
