3296 5132
714 431 755 492 53

220 629 339 704 Deinde
373 637 512 702 Lucanus
546 637 583 700 ad
617 621 773 698 historiam
804 637 982 714 reuertitur,
1006 635 1069 700 ubi·
1085 633 1297 726 Marciamvi-

163 759 264 848 'duam
295 756 468 836 Hortensii,
501 755 550 820 cui
582 760 669 818 antea
698 767 819 820 uxorem
852 760 978 820 cesserat
1001 757 1041 840 ¹),
1076 755 1209 836 inducit,
1232 779 1296 842 pre-

175 883 309 964 cantem,
340 882 375 940 ut
403 874 461 940 sibi
484 874 573 939 liceat
595 871 719 937 Catonis
740 895 879 938 curarum
903 881 933 938 et
955 873 1093 938 laborum
1117 874 1293 961 participem

175 1019 254 1076 esse,
290 1002 325 1060 ut
358 1000 447 1060 antea
481 1015 579 1058 comes
613 1015 709 1057 rerum
734 993 930 1058 secundarum
960 993 1075 1059 fuisset.
1123 993 1296 1079 Iunguntur

175 1115 258 1180 nullo
288 1114 348 1178 nisi
377 1112 474 1178 Bruto
503 1117 580 1176 teste
603 1111 755 1192 adhibito,
779 1134 878 1195 nequo
901 1117 1039 1177 ornatum
1065 1113 1227 1177 solemnem
1251 1113 1297 1176 in·

174 1235 257 1314 duti,
292 1257 361 1298 nam
395 1233 470 1298 Cato
505 1231 616 1296 dicitnr
645 1221 730 1308 Ιμήτε
771 1222 915 1310 κεφοολὴν
948 1229 993 1295 ἔτι
1024 1230 1194 1311 terpaton
1213 1233 1295 1310 patra

173 1352 296 1432 γένειον,
328 1353 408 1429 μήτε
441 1347 595 1432 οτὲΦοονον
627 1349 800 1420 ἕποθέσθοω.
833 1349 957 1422 πένθους
982 1351 1012 1415 δὲ
1037 1351 1089 1415 aet
1115 1353 1294 1433 κοοτνΦείοος

173 1472 225 1536 aa>
257 1471 432 1552 βοορύτντος
462 1469 526 1557 ἐπὶ,
545 1477 616 1541 τοῖς
648 1473 825 1550 συμφοραῖς
858 1475 914 1542 τῆς
944 1469 1089 1550 ποοτοίδος
1124 1467 1155 1534 ἓν
1180 1479 1296 1552 egrico.

174 1595 320 1658 νικώντων
345 1590 452 1668 ὁμοίως
479 1589 531 1654 aui
556 1587 724 1667 νικωμένων
749 1587 824 1670 ἄχρι
849 1596 999 1662 τελευτῆς
1024 1588 1233 1671 δοοοφυοωὶξωι.
1266 1616 1267 1622 “

217 1711 395 1798 Pompeium
420 1734 451 1775 se
474 1709 607 1796 Capuam
631 1709 811 1790 contulisse,
836 1731 896 1794 qua
922 1709 995 1776 urbe
1020 1711 1089 1776 sede
1110 1710 1181 1775 belli
1202 1715 1297 1776 utere·

174 1840 223 1897 tur
230 1884 239 1913 ,
264 1831 372 1896 Caesar
389 1831 454 1917 ipse
466 1829 627 1894 auctorest
640 1830 684 1914 2),
708 1851 801 1914 quum
814 1835 932 1911 narrat,
957 1829 1136 1916 Pompeium
1149 1851 1216 1895 cum
1229 1853 1298 1916 pro-

174 1952 253 2038 fugis
284 1949 470 2014 senatoribus
492 1971 555 2013 sese
579 1947 698 2033 Capuae
721 1948 852 2034 primum
876 1949 1063 2014 confirmasse
1084 1971 1178 2033 eoque
1199 1949 1296 2014 delec-

175 2077 238 2136 tum
273 2067 446 2132 colonorum
470 2067 577 2131 hebere
600 2066 778 2132 instituisse.
825 2064 925 2147 Quam
949 2089 1011 2131 rem
1036 2091 1053 2131 a
1076 2067 1176 2132 Dione
1193 2067 1296 2134 Cassio

174 2190 378 2281 confirmatam
401 2186 549 2251 videmus.
593 2184 703 2269 Neque
726 2184 820 2249 afide
840 2185 982 2250 historica
996 2187 1138 2252 Lucanus
1151 2184 1294 2267 discedit,

174 2331 267 2396 quum
291 2309 449 2372 Caesarem
476 2305 610 2370 celeriter
629 2305 870 2390 progredientem
891 2304 1048 2384 describit,
1069 2303 1209 2388 idemque
1227 2328 1295 2369 cum

172 2428 323 2494 historicis
353 2446 515 2511 congruere
538 2424 658 2488 videtur
680 2423 733 2488 ubi
756 2407 902 2501 affirmat,
922 2425 1068 2510 populum
1094 2423 1124 2488 in
1148 2423 1296 2510 Magnum

173 2547 340 2634 proniorem
359 2568 422 2610 esse
442 2567 529 2630 quam
550 2543 582 2607 in
599 2542 766 2608 Caesarem.
789 2542 960 2612 Mommsen
981 2543 1086 2608 scribit
1099 2545 1142 2628 ³):
1161 2543 1221 2622 „In
1238 2543 1296 2608 den

174 2666 376 2753 eigentlichen
400 2662 510 2730 Italien
536 2685 595 2727 war
618 2663 741 2727 Caesare
763 2661 896 2726 Einfluss
919 2662 986 2726 dem
1011 2663 1063 2726 der
1080 2661 1296 2748 Gegnernicht

173 2787 303 2851 entiernt
326 2807 362 2849 zu
385 2783 571 2870 vcrgleichen
574 2831 671 2848 .....
716 2781 775 2846 Die
798 2783 897 2846 Masso
921 2782 972 2846 der
992 2781 1206 2868 Biirgorschaft
1225 2782 1296 2846 liess

174 2904 235 2968 sich
266 2903 353 2968 nicht
381 2903 476 2982 irren,
506 2902 567 2968 und
599 2902 669 2983 sah,
704 2901 748 2966 als
776 2901 827 2966 der
850 2901 1069 2966 Commendant
1094 2923 1153 2965 von
1177 2899 1296 2964 Gallim

175 3016 254 3086 seine
277 3022 433 3108 Legionen
456 3045 554 3108 gegen
577 3020 656 3086 Rom
679 3021 711 3085 in
734 3020 908 3106 Beuegung
928 3027 1036 3102 setzte,
1056 3022 1132 3088 allen
1152 3022 1296 3088 formalen

174 3140 497 3225 Rechtscrdrterungcn
520 3162 588 3204 uum
600 3141 706 3219 Trotn,
732 3139 763 3203 in
788 3138 863 3204 Oato
889 3139 952 3204 und
975 3139 1139 3226 Pompeius
1154 3140 1294 3205 dieVer·

174 3259 323 3346 thcidiger
342 3260 394 3323 der
416 3258 574 3344 legitimen
594 3259 744 3345 Repubiik
754 3308 763 3337 ,
784 3258 818 3322 in
835 3257 942 3323 Caesar
961 3259 1019 3323 den
1039 3259 1294 3324 democratis'ohen

174 3378 348 3465 Usurpator.
394 3378 564 3464 Aligemcin
596 3385 749 3443 erwartete
780 3401 848 3442 man
879 3379 977 3442 feruor
1004 3401 1065 3442 von
1096 3379 1153 3443 den
1179 3373 1292 3444 Neffcn

165 3589 430 3604 .—-—--—·-

203 3752 1353 3835 MQRMHWWmmmmmwmmmfflffl·'

173 3860 276 3922 λνοτω,
297 3855 344 3910 νοοῖ
364 3852 469 3920 παῖδας
488 3851 561 3926 ’ἔχων
581 3851 613 3926 ἐξ
632 3851 749 3922 ἐκείνης,
771 3855 903 3928 Ὁρτησίῳ
916 3855 971 3912 τῶν
987 3853 1078 3930 Φίλων
1097 3859 1167 3922 τινί,
1190 3855 1292 3914 παίδων

173 3969 204 4005 τε
217 3948 394 4026 Ιἐπιθυμοῦντι
415 3952 462 4006 νοοῖ
481 3952 639 4007 τεκνοποιοῦ
657 3953 787 4022 pataram
808 3949 836 4008 οὔ
857 3953 1053 4024 τυγχάνοντι,
1074 3952 1159 4025 μέχρι
1180 3951 1292 4028 κάκείνῳ

172 4047 313 4110 urimur
334 4045 362 4114 ἐς
383 4050 430 4105 τον
450 4043 520 4105 οἶκον
542 4042 615 4114 αὖθις
636 4048 671 4115 ὡς
692 4048 799 4120 mdccc
820 4043 986 4121 ῶνεδέξοντο.

203 4141 222 4205 ²)
240 4139 272 4196 B.
290 4138 320 4196 G.
339 4139 362 4196 I.
381 4141 425 4196 14.

180 4292 182 4295 .
202 4225 222 4296 ³)
240 4224 320 4282 Rom.
338 4225 431 4284 Gcsch.
451 4225 505 4283 III.
525 4227 584 4286 379.
