3308 5138
720 412 781 474 111

193 625 376 730 ppeesentie:
418 619 563 706 quamdiu
604 615 686 683 enim
720 639 821 682 manes
856 637 974 681 vomere
1005 615 1218 682 violabuntur?
1261 615 1306 695 Ο,

195 745 311 810 utinam
332 742 434 806 liceret
457 739 554 806 odisse
578 745 669 803 terras
692 741 850 802 nocentes:

240 861 324 942 Quid
346 867 445 925 totum
467 857 621 946 premitis,
646 857 720 943 qnid
742 863 841 922 totum
864 855 1022 922 absolvitis
1045 854 1169 921 orbem?

239 980 401 1066 Hesperiae
424 978 538 1058 clades,
562 983 593 1042 et
614 976 727 1042 flebiles
748 976 823 1042 uudi
846 975 981 1063 Pachyni

239 1099 280 1164 Et
302 1097 425 1164 Mutina
447 1103 478 1163 et
500 1097 616 1164 Leucoe
638 1119 729 1185 puros
752 1097 848 1163 iecere
871 1095 1038 1183 Philippos.
1222 1093 1311 1179 (872)
1333 1099 1338 1108 '

240 1336 329 1402 Licet
359 1337 514 1404 fatendum
546 1337 586 1401 sit
608 1336 808 1417 insomnium,
831 1317 1022 1402 venarrationi
1043 1355 1142 1400 rerum
1166 1339 1317 1420 gestarum

197 1457 416 1544 praemissum,
452 1457 568 1545 po'e'tice
603 1479 620 1521 a
653 1455 777 1523 Lucano
812 1455 994 1542 descriptum
1017 1477 1096 1532 esse,
1131 1475 1192 1518 uuo
1216 1458 1316 1516 tamen

197 1591 301 1644 tenore
323 1575 411 1640 nobis
433 1574 602 1641 addendum
625 1581 688 1656 est,
711 1580 831 1662 poetam
854 1574 931 1640 hanc
947 1595 1010 1639 rem
1027 1595 1087 1638 non
1105 1571 1142 1637 de
1158 1595 1212 1638 suo
1231 1570 1314 1636 addi·

198 1697 296 1776 disse,
327 1694 567 1781 quandoquidem
597 1694 662 1759 eius
692 1695 735 1760 rei
765 1700 796 1760 et
825 1694 904 1782 apud
932 1693 1158 1775 Plutarchum,
1176 1698 1206 1758 et
1235 1691 1316 1779 apud

159 1906 160 1909 Ἴ
197 1815 336 1894 Florum,
359 1822 389 1880 et
408 1813 520 1878 lulium
539 1811 760 1898 Obsequentem
779 1813 962 1879 mentionem
973 1813 1083 1880 factam
1095 1834 1159 1878 esse
1170 1811 1315 1878 videmus

198 1935 273 2000 Non
296 1933 390 2020 igitur
412 1931 630 2018 dubitandum,
654 1933 729 2019 quin
751 1933 893 2000 Lucanus
918 1933 997 1999 benc
1020 1953 1140 2018 quoque
1156 1953 1219 1996 rem
1236 1931 1317 2018 apud
1372 1938 1375 1946 '

197 2053 323 2121 Livium
346 2051 470 2138 legerit,
505 2057 539 2116 ut
565 2051 598 2115 in
619 2051 678 2118 hoc
701 2051 777 2118 libro
800 2052 973 2140 praesertim
996 2075 1065 2118 eum
1087 2051 1169 2117 Livii
1192 2049 1319 2116 auctori·

83 2224 85 2228 Α
199 2180 294 2240 tatem
317 2193 432 2258 semper
453 2175 591 2236 secutum
613 2193 676 2236 esee
698 2171 878 2252 videbimus.

245 2291 338 2374 Quod
360 2290 481 2377 quidem
499 2290 533 2354 in
549 2295 638 2377 po’e'ta
657 2290 739 2356 nulle
755 2291 871 2356 ratione
894 2291 1018 2358 moleste
1038 2290 1177 2370 serimus,
1202 2311 1320 2356 summo

203 2419 307 2479 autem
319 2411 384 2477 iure
395 2411 571 2497 probamus,
596 2409 648 2477 ubi
661 2409 852 2476 manifestum
864 2411 1029 2498 exemplum
1043 2416 1173 2476 mutatae
1185 2409 1323 2476 fortunae

203 2527 295 2598 nobis
313 2530 465 2618 proponit.
502 2529 712 2596 Misericordia
734 2529 863 2595 infelicis
875 2529 967 2597 'ducis
985 2529 1103 2595 animus
1119 2533 1255 2596 movetur
1270 2527 1322 2593 ubi

203 2650 351 2736 legimus,
376 2649 485 2735 quibus
504 2648 669 2716 bonoribus
685 2672 703 2714 a
719 2649 832 2736 populo
847 2649 919 2715 olim
931 2655 1038 2716 auctus
1050 2639 1146 2732 esset,
1167 2649 1220 2716 sed
1232 2647 1322 2713 simul

204 2792 267 2836 non
291 2790 428 2834 accusare
444 2767 541 2834 virum
558 2767 653 2834 levem
673 2773 765 2854 atque
784 2767 931 2834 incertum
949 2791 1010 2834 nou
1029 2789 1190 2855 possumus
1202 2767 1256 2851 qui
1268 2789 1321 2831 sua

205 2887 304 2976 ipsius
322 2887 411 2974 culpa
428 2885 466 2952 ad
485 2886 639 2974 scopulum
650 2875 838 2952 rnielicitatis
849 2887 1009 2966 haesisset,
1022 2886 1070 2954 cui
1077 2937 1087 2967 ,
1099 2908 1193 2972 qaum
1205 2891 1322 2972 posset,

205 3007 283 3074 mala
295 3005 511 3072 averruncandi
522 3007 641 3072 animus
649 3028 710 3072 non
722 3007 844 3088 inesset,
857 3007 1026 3072 immemori
1038 3006 1119 3071 illius
1128 3005 1321 3070 Graecorum:

407 3127 476 3192 Θεο)
501 3127 641 3204 τὀὶγαθὲι
664 3135 746 3200 τοῖς
771 3125 907 3201 πόνοις
932 3131 1119 3194 πωλοῦνται.

251 3245 454 3314 Notissimum
488 3247 541 3328 pin
575 3247 691 3333 maguis
725 3247 855 3312 voluisse
888 3252 935 3312 sat
956 3245 1022 3312 est’'
1057 3267 1116 3312 nou
1151 3267 1266 3333 semper
1293 3251 1324 3311 et

210 3367 325 3452 ubique
348 3366 541 3433 adhibeatur:
565 3367 694 3432 fortibus
716 3367 865 3454 agendum
888 3372 949 3449 est,
982 3367 1008 3432 si
1030 3366 1130 3434 iuvari
1152 3390 1170 3432 a
1191 3365 1325 3430 Fortuna

210 3486 350 3572 eupiunt.

255 3605 410 3672 Caesarem
428 3604 529 3691 ipsum
552 3603 675 3670 sciuisse
694 3603 888 3688 quidvellet,
913 3609 1045 3692 apparet.
1070 3601 1239 3670 Occasione
1248 3603 1329 3670 enim

215 3724 326 3812 proelii
345 3722 552 3788 committendi
570 3723 628 3787 sibi
651 3722 797 3788 utendum
815 3721 1007 3789 existimavit.
1032 3723 1164 3804 „Animo
1176 3723 1271 3792 simus
1283 3760 1324 3776 -·

212 3843 313 3930 iuquit
337 3881 377 3894 -
400 3843 438 3908 ad
461 3841 666 3908 dimicandum
687 3841 782 3928 parati
793 3891 802 3922 ,
825 3864 887 3906 non
908 3841 996 3908 facile
1019 3843 1207 3909 occasionem
1224 3850 1328 3930 postea

215 3960 428 4050 reperiemus.'’
442 3963 467 4048 1)
512 3961 691 4049 Pompeium
714 3967 814 4028 eutem
834 3984 958 4028 suornm
971 3963 1106 4030 omnium
1118 3963 1241 4030 hortatu
1252 3985 1327 4052 opus

248 4220 268 4288 ¹)
288 4217 319 4274 B.
337 4218 366 4274 C.
385 4215 440 4273 III.
459 4217 501 4274 85.
