3296 5132
716 369 874 434 11-

180 579 273 642 tatem
300 575 419 643 abunde
448 575 606 642 tribueret.
650 575 751 642 Vacca
779 576 840 670 solo
867 583 944 644 teste
972 579 1112 644 Lucanus
1135 585 1300 666 auguratus

181 693 381 762 saderdotium
403 697 534 784 accepit,
557 695 609 762 sed
631 717 734 761 omnes
752 696 893 776 honores,
917 697 1204 783 quibuseumfauor
1218 700 1299 786 prin·

181 813 255 902 cipis
285 815 425 904 augebat,
457 817 514 881 hoc
540 821 658 882 tantum
681 816 796 882 efficere
818 823 973 903 poterant,
996 825 1032 884 ut
1054 825 1144 906 potita
1166 818 1298 884 Neronis

181 935 315 1002 aemulus
338 957 374 1001 eo
397 935 488 1000 citius
510 957 650 1022 praeceps
670 941 787 1015 rueret,
809 959 870 1022 quo
894 936 926 1002 in
945 937 1051 1004 altiore
1063 937 1187 1026 fastigio
1199 937 1298 1002 stetis·

181 1060 236 1120 set.
270 1054 382 1120 Seneca
407 1053 584 1141 prudentem
605 1077 669 1120 sese
691 1076 752 1120 non
774 1057 984 1143 praestiterat,
1009 1057 1120 1143 quippe
1143 1077 1231 1142 quem
1254 1057 1268 1122 f
1290 1093 1300 1107 ·

180 1175 273 1261 gisset
302 1173 380 1238 inter
409 1172 576 1260 principem
605 1173 716 1240 artium
746 1181 836 1262 atque
858 1182 983 1262 po'e'seos
1007 1176 1154 1241 fautorem
1177 1181 1208 1240 et
1229 1195 1314 1262 poer

181 1299 242 1358 tam
287 1315 359 1358 aura
391 1291 529 1379 populari
561 1299 736 1380 provectum
770 1294 935 1360 amicitiam
971 1295 1086 1359 firmam
1120 1317 1182 1360 non
1215 1317 1301 1381 possa

181 1411 351 1478 consistere.
395 1411 480 1478 Inter
508 1413 582 1478 tales
610 1412 690 1478 viros
720 1413 857 1501 inprimis
879 1411 1070 1501 proverbium
1105 1420 1175 1480 ante
1199 1415 1302 1504 oculos

182 1531 348 1598 habendam
372 1531 483 1613 fuerat,
512 1532 625 1611 ,nimia
650 1533 839 1599 familiaritas
859 1531 1044 1599 contemtum
1062 1533 1172 1621 parit.'’
1205 1535 1314 1622 idque,

183 1649 251 1716 ideo
280 1651 453 1737 praesertim
476 1651 558 1736 quod
583 1651 728 1718 ambobus
752 1651 827 1717 viria
850 1653 961 1740 pariter
984 1675 1115 1719 amorem
1140 1653 1199 1720 sibi
1226 1655 1301 1742 ipsis

182 1771 319 1857 placendi
354 1771 451 1838 inesse
484 1771 728 1864 Senecaseiebat3
762 1793 860 1857 neque
894 1771 1065 1859 ignorabat,
1101 1772 1298 1859 periculosam

182 1889 327 1978 principis
352 1889 498 1956 invidiam
526 1913 606 1970 esse,
640 1890 692 1976 qui
715 1891 789 1976 quin
811 1890 876 1977 ipse
899 1891 994 1956 vitam
1022 1891 1173 1956 amitteret
1195 1914 1301 1978 parum

183 2011 298 2090 fuerat,
329 2032 425 2096 quum
455 2009 590 2097 Caligula
620 2010 759 2097 princeps
789 2009 911 2097 ingenio
941 2032 997 2084 suo
1027 2010 1185 2077 invideret.
1231 2011 1303 2076 Pro·

184 2130 263 2194 fecto
294 2130 409 2194 Lucani
436 2129 553 2194 indoles
581 2129 609 2194 ei
631 2134 722 2206 nota,
752 2129 908 2196 sinerum
931 2137 992 2206 est,
1017 2129 1208 2216 quod'nobis
1231 2131 1302 2197 Sue·

184 2248 286 2314 tonius
315 2247 457 2328 tradidit,
487 2249 642 2314 Lucanum
674 2249 804 2314 multum
828 2249 887 2314 sibi
911 2249 971 2336 ipsi
994 2248 1193 2330 tribuentem,
1221 2272 1303 2336 prae·

183 2367 294 2434 satione
325 2367 452 2454 quadam
478 2373 607 2433 aetatem
630 2375 660 2433 et
682 2368 771 2434 initia
794 2391 847 2432 sua
871 2383 940 2434 oum
964 2367 1095 2454 Vergilii
1119 2370 1159 2453 1),
1185 2391 1302 2455 compa·
1347 2449 1348 2452 Ἴ

183 2494 296 2552 rantem
319 2510 426 2554 ausum
454 2487 568 2554 dicere:
595 2493 626 2552 et
649 2493 796 2574 quantum
820 2487 896 2576 mihi
918 2493 1011 2553 restat
1034 2486 1071 2552 ad
1094 2485 1253 2553 Culicem?

226 2606 375 2692 Cuiquam
408 2605 651 2672 sesecundum
673 2628 736 2671 esse
765 2605 902 2693 princeps
932 2629 994 2672 non
1017 2606 1208 2692 patiebatur:
1235 2606 1300 2672 laus

182 2724 373 2790 declamando
407 2731 494 2812 parta
527 2725 639 2792 Βοωεθ
669 2725 765 2790 maior
791 2725 968 2806 habebatur,
992 2748 1082 2810 quam
1105 2731 1141 2791 ut
1162 2725 1245 2791 Nero
1268 2751 1299 2793 se

183 2866 243 2910 non
266 2845 554 2931 praestantissimum
583 2844 719 2910 omnium
736 2849 856 2930 poetam
879 2844 950 2910 duci
980 2866 1076 2930 aequo
1099 2845 1200 2911 animo
1222 2846 1298 2914 terre

184 2971 294 3050 posset.
340 2963 443 3046 Quum
465 2965 561 3051 igitur
582 2964 723 3030 Lucanus
749 2963 913 3043 „hactenus
937 2969 1073 3051 tempora
1095 2967 1226 3032 secunda
1247 2968 1299 3032 ha·
1379 2965 1382 2970 ’

170 3073 314 3164 ’δυίεεθῄ
349 3107 383 3150 ea
410 3107 485 3170 quae
519 3088 687 3168 sequuntur
721 3087 837 3147 mutata
871 3081 989 3148 invidia
1015 3090 1046 3148 et
1073 3085 1144 3150 odio
1166 3085 1298 3168 Neronis

185 3204 242 3290 ipsi
258 3203 392 3283 exitium,
413 3202 585 3269 domesticis
604 3201 718 3266 luctum
735 3200 932 3266 miserabilem
948 3200 1146 3270 attulerunt.’'
1165 3204 1298 3290 (Vacca).

186 3321 409 3407 Quinquennali
439 3321 601 3387 certamine
630 3321 726 3408 prima
751 3320 866 3407 ingenii
889 3320 1092 3406 experimenta
1114 3323 1146 3388 in
1169 3322 1299 3390 Neronis

188 3439 327 3505 laudibus
349 3441 448 3520 dedit,
471 3463 531 3526 quo
554 3441 684 3505 carmine
703 3439 821 3526 publice
842 3439 967 3505 recitato
992 3440 1052 3506 sibi
1075 3464 1196 3528 magnas
1211 3444 1301 3530 'apud

187 3558 330 3645 populum
358 3557 459 3623 laudes
485 3557 607 3644 peperit.
641 3557 701 3624 'Ita
731 3557 810 3623 enim
841 3557 1006 3624 Suetonius
1034 3559 1067 3624 in
1089 3559 1206 3625 Lucani
1228 3561 1299 3628 vita.

186 3675 300 3742 Eodem
324 3682 399 3741 teste
421 3675 477 3740 hoc
500 3682 647 3740 certarnen
679 3667 738 3760 (uel
762 3674 900 3762 „agona”
924 3697 985 3760 quo
1009 3676 1099 3742 verbo
1122 3679 1218 3765 magis
1241 3681 1300 3745 usi·

187 3801 250 3860 tato
284 3802 381 3860 aetate
413 3795 602 3882 imperatoria
635 3795 755 3861 Plinius
786 3795 817 3860 in
849 3794 985 3882 Epistola
1016 3795 1054 3861 ad
1090 3795 1249 3862 'Ibaianum
1274 3803 1298 3884 l)

218 4007 238 4076 1)
258 4004 301 4060 Sic
328 4005 397 4060 enim
423 4005 481 4078 lego
508 4025 557 4079 pro
583 4006 701 4080 Vergilio
725 4004 795 4080 quod
819 4005 931 4062 editores
956 4004 1033 4073 dant,
1059 4005 1150 4066 verba:
1176 4009 1261 4065 aetate
1279 4010 1307 4064 et

182 4090 267 4148 initiis
285 4089 427 4147 subaudita
444 4095 527 4149 ratus.

217 4177 238 4250 2)
256 4177 305 4252 up.
324 4177 350 4232 x
368 4179 410 4239 ar.
437 4243 439 4246 v
