3308 5138
883 612 944 678 VI.

401 731 516 799 Herod.
540 731 598 800 IV.
621 735 661 798 18
685 731 770 810 μετά
805 733 836 798 δὲ
867 732 923 806 τὴν
950 733 1058 812 ε’ρῆμον
1089 733 1294 818 Ἀνδροφάγοι
1331 735 1475 818 οἰκέουσι,

357 848 436 924 ἔθνος
461 851 508 917 ε’δν
532 850 602 917 ίδιον
626 851 679 916 καί
704 853 844 931 οὐδαμῶς
869 850 1027 920 Σκυθικθν.

401 971 462 1038 Pro
484 970 691 1054 Ἀνδροφάγοι
717 973 784 1061 lege
807 969 1056 1054 άνθροιποφάγοι.

400 1090 449 1160 Id.
478 1091 536 1159 IV.
567 1093 819 1161 127.Emble1na
850 1088 946 1158 τοῦτθ
975 1093 1041 1158 ἐστι
1077 1093 1094 1168 ἧ
1126 1091 1189 1158 άπθ
1223 1093 1360 1160 Σκυθέων
1391 1098 1475 1178 ῥῆσις

358 1211 550 1280 eiiciendum.

400 1333 448 1402 Id.
471 1333 546 1403 VII.
582 1337 655 1402 115.
679 1334 734 1410 τὴν
764 1333 794 1399 δὲ
819 1331 882 1398 ὁδὸν
908 1330 1044 1408 ταύτην,
1077 1341 1116 1416 τῇ
1146 1332 1160 1396 ὅ
1186 1332 1339 1413 βασιλεὺς
1364 1332 1475 1416 Ξέρξας

357 1449 409 1519 τίν
431 1453 563 1536 στρατδν
587 1453 698 1529 ἤλασε.

401 1573 643 1663 Expungendum
665 1579 711 1640 est
732 1572 898 1652 βασιλεὺς.

399 1695 447 1762 Id.
470 1693 545 1761 VH.
571 1697 644 1760 189.
667 1692 754 1758 αὐτοὶ
774 1686 854 1758 οὗτοι
883 1687 960 1768 ἦσαν
979 1693 1004 1758 οί
1025 1691 1243 1775 ἐπεγείροντες
1265 1695 1318 1760 καί
1334 1693 1476 1774 βασιλέα

358 1813 443 1894 ροετά
466 1838 506 1895 γε
529 1813 599 1886 τοὺς
623 1811 705 1885 θεοὺς
728 1810 930 1892 άνιοσάροενοι.

400 1933 577 2024 Legendum
602 1931 814 2013 άπυσάμενοι.

401 2053 449 2122 Id.
473 2055 566 2123 VIII.
590 2058 643 2122 26.
674 2055 782 2121 παπαί
811 2052 982 2136 Μαρδθνιε,
1013 2052 1109 2127 κοίους
1145 2055 1194 2119 ἐπ’
1214 2052 1326 2137 άνδρας
1350 2055 1475 2136 ἤγαγες

356 2175 597 2256 μαχησομένους
624 2175 742 2259 ἡμέας,
766 2174 793 2242 οἳ
812 2176 845 2240 οὐ
869 2174 938 2256 περί
962 2173 1135 2257 χρημάτων
1154 2175 1206 2242 τίν
1226 2175 1336 2254 άγῶνα
1355 2181 1476 2243 ποιεῦν-

356 2318 428 2373 ται,
451 2295 539 2362 άαλθι
563 2295 630 2378 περί
655 2297 787 2378 άρετῆςς

400 2415 459 2483 Pro
481 2415 722 2498 μαχησομένους
745 2417 810 2506 lege
832 2413 1065 2496 μαχουμένους.

399 2537 447 2604 Id.
471 2537 530 2605 IX.
554 2541 607 2606 98.
631 2538 647 2615 ἢ
672 2537 734 2619 γάρ
756 2537 792 2613 δίο
819 2535 955 2602 λαθθντα
978 2533 1020 2600 τθι
1048 2535 1177 2617 ῥήματα
1202 2537 1274 2610 τοὺς
1297 2533 1480 2618 βαρβάρους

358 2657 474 2737 ἔμελλε
508 2658 580 2730 τοὺς
613 2657 722 2732 Ἴωνας
760 2656 892 2739 πείσειν,
925 2655 941 2733 ἢ
975 2655 1086 2723 ἔπειτα
1106 2656 1325 2739 ἀνενειχθέντα
1349 2658 1379 2731 ἐς
1406 2657 1480 2730 τοὺς

355 2775 534 2860 βαρβάρους
560 2778 695 2854 ποιήσειν
718 2777 870 2851 άπθστους
893 2785 973 2844 τοῖσι
995 2777 1143 2852 Ἕλλασι.

401 2896 461 2964 Pro
488 2895 600 2965 ἔπειτα
623 2897 785 2988 legendum
807 2898 932 2966 ἐκεῖθεν.

885 3043 960 3114 VII.

401 3200 488 3268 Plato
518 3200 594 3288 Rep.
629 3199 656 3266 I.
688 3221 739 3286 pg.
764 3201 839 3264 836.
887 3196 976 3261 άλλάι
1015 3196 1194 3278 συστρέψας
1235 3197 1344 3262 ἑαυτὸν
1383 3194 1483 3280 θίρπερ

358 3318 453 3402 θηρίον
480 3313 550 3394 ἧκεν
575 3320 629 3401 ἐφ’
655 3321 739 3397 ἡμᾶς
764 3318 803 3390 ὥς
830 3313 1085 3398 διαρπασίροενος.

402 3441 483 3527 Lege
506 3436 765 3518 διασπαοθροενος.

400 3559 449 3627 Id.
472 3558 515 3626 id.
538 3559 594 3626 IV.
618 3582 668 3646 pg.
692 3561 755 3624 425
781 3536 1029 3639 ἐπανορθούμενοι
1056 3556 1108 3622 τδν
1136 3554 1204 3635 βίον
1230 3553 1475 3623 διατελέσουσιν.

403 3679 485 3769 Lege
512 3680 716 3746 διατελοῦσιν.

875 3828 967 3898 VIII.

401 3977 485 4045 Plut.
517 3978 618 4047 Crass.
644 3983 695 4048 12.
729 3976 867 4068 [άναβάς
907 3980 958 4046 ἐπὶ
993 3980 1028 4046 τί
1061 3977 1156 4060 βῆμα
1184 3976 1252 4068 καί]
1285 3978 1484 4063 προσελθὼν,

359 4095 427 4178 θψιν
452 4097 587 4176 διηγεῖτο
611 4100 697 4165 αατθι
721 4101 791 4173 τοὺς
820 4098 929 4172 ὕπνους
954 4101 1037 4182 αὐτῷ
1063 4099 1240 4180 γενομέναν.

403 4215 488 4298 Quae
511 4219 597 4284 uncis
618 4219 729 4284 inclusi
756 4218 883 4286 delenda
905 4226 986 4286 sunt.
