3296 5132
891 409 932 470 62

347 639 408 702 qua
442 623 520 682 terra
553 614 705 702 cingitur,
734 614 873 695 claudat,
908 614 946 679 ad
976 636 1057 679 mare
1079 615 1191 678 fossam
1214 616 1372 701 perducit,
1407 639 1466 702 qua

347 737 445 804 fontes
474 742 505 801 et
533 734 644 822 pabula
674 734 873 821 amplectatur
902 741 932 800 et
965 734 1079 798 extruit
1114 735 1175 798 duo
1209 735 1331 800 brachia
1360 735 1466 800 densas

344 853 452 940 pinnas
474 853 622 920 tollentia.
668 852 781 918 Omnes
800 851 935 933 arbores,
960 852 1074 938 quibus
1097 852 1192 917 valles
1215 855 1324 940 erigat,
1349 854 1463 934 caedit,

345 995 444 1059 neque
465 973 535 1038 luco
560 980 694 1054 sacrato,
725 993 894 1057 numquam
918 972 1062 1058 temporis
1085 994 1178 1037 cursu
1203 971 1332 1052 violato,
1356 973 1465 1060 parcit.

347 1093 455 1174 Quum
488 1114 576 1157 namo
610 1093 784 1178 sacrilegam
818 1114 942 1158 manum
976 1091 1046 1157 luco
1080 1093 1197 1180 primus
1219 1092 1342 1158 iniicere
1362 1093 1464 1171 vellet,

347 1211 455 1278 Caesar
482 1213 547 1299 ipse
579 1234 714 1277 securem
747 1212 840 1298 rapit,
877 1211 979 1276 dicens
1012 1234 1044 1276 se
1077 1212 1153 1276 iram
1187 1211 1313 1277 deorum
1335 1220 1464 1299 praesta·

347 1341 462 1400 turum.
508 1330 632 1414 Quibus
653 1331 749 1398 verbis
772 1331 879 1413 erecti,
904 1339 1088 1397 nontamen
1111 1333 1192 1396 omni
1215 1332 1335 1397 sublato
1359 1332 1465 1396 timore

345 1451 463 1517 arbores
502 1459 650 1518 sternunt.
704 1451 907 1518 Massilienses
944 1451 1001 1515 etsi
1041 1451 1144 1517 dolore
1184 1453 1329 1538 perculsi,
1369 1476 1464 1538 quum

347 1569 452 1636 silvam
492 1571 583 1636 deleri
625 1571 746 1651 vident,
787 1576 888 1638 tamen
926 1569 1040 1657 gaudio
1082 1571 1252 1638 exsultant:
1287 1573 1358 1657 quis
1387 1574 1464 1638 enirn

345 1697 467 1777 putaret
500 1689 581 1756 Deos
614 1691 738 1777 impune
770 1690 866 1756 laesos
892 1691 978 1756 esse?
1013 1689 1167 1757 Caesarem
1189 1714 1299 1778 poenas
1323 1692 1465 1758 daturum

347 1833 409 1875 esse
447 1833 500 1897 pro
543 1817 624 1876 certo
668 1811 792 1877 habent:
835 1832 934 1895 neque
975 1811 1172 1876 recordantur
1203 1812 1371 1878 Fortunam
1404 1813 1464 1899 ple·

346 1952 476 2016 rumque
514 1935 655 1995 nocentes
694 1952 825 2010 servare,
869 1953 966 2016 quum
1009 1938 1128 1998 tantum
1163 1932 1277 1998 miseris
1311 1932 1344 1997 di
1376 1932 1463 1998 irasci

345 2054 470 2140 possint.

388 2173 461 2238 Dux
484 2172 533 2238 ad·
546 2171 712 2258 Hispanias
735 2193 857 2253 versus,
880 2177 918 2235 ut
929 2171 1092 2238 Afranium
1103 2177 1134 2236 et
1146 2169 1463 2257 Petreium‚P0mpeii

344 2294 472 2380 legatos,
492 2291 569 2357 bello
587 2297 831 2378 persequeretur,
853 2314 872 2356 a
895 2291 1020 2358 Decimo
1044 2292 1140 2356 Bruto
1162 2299 1194 2356 et
1205 2290 1284 2356 Gaio
1299 2290 1462 2370 Trebonio,

346 2435 438 2498 quem
467 2420 567 2477 tamen
590 2412 735 2478 Lucanus
758 2411 880 2476 nomine
901 2434 964 2477 non
986 2411 1118 2491 indicat,
1148 2411 1260 2478 bellum
1283 2410 1347 2498 geri
1370 2412 1463 2476 iusse-

346 2541 402 2600 rat.
447 2531 499 2618 Hi,
521 2533 596 2598 duas
626 2540 725 2598 turres
748 2532 871 2618 erigunt
894 2531 1034 2611 mobiles,
1059 2532 1139 2596 uude
1162 2531 1232 2598 telis
1255 2532 1353 2598 omnis
1375 2555 1463 2618 gene·

346 2653 386 2717 ris
414 2652 520 2718 urbem
549 2654 711 2734 infestent3
743 2654 856 2739 quibus
882 2653 960 2734 tuti,
985 2652 1102 2717 vineam
1125 2651 1164 2716 ad
1186 2652 1305 2717 moenia
1327 2652 1464 2717 accedere

345 2779 471 2854 curant,
494 2780 531 2838 ut
552 2774 654 2840 arietis
677 2773 816 2861 suspensi
838 2774 905 2838 ictu
927 2795 1102 2859 compagem
1121 2772 1202 2837 muri
1221 2772 1348 2839 solvant.
1384 2772 1462 2836 Mas·

343 2893 479 2958 silienses
512 2902 615 2960 autem
649 2917 714 2960 eam
751 2902 782 2958 et
806 2893 933 2958 flammis
965 2901 995 2957 et
1028 2892 1163 2978 lapidum
1186 2891 1264 2956 mole
1287 2891 1462 2962 destruunt,

341 3011 385 3076 ita
407 3019 445 3077 ut
466 3012 553 3078 miles
575 3013 675 3077 labora
698 3013 880 3093 exhaustus,
905 3012 1035 3077 tentoria
1058 3013 1155 3076 fessus
1179 3018 1303 3098 repetat.

385 3133 495 3199 Adhuc
514 3131 718 3197 Massilienses
741 3138 882 3208 tantum,
901 3139 938 3196 ut
958 3132 1030 3196 urbs
1053 3137 1239 3210 servaretur,
1264 3129 1460 3216 cupiverant:
1519 3127 1523 3138 '

342 3273 397 3317 nec
434 3252 513 3316 ultro
547 3251 659 3316 bellum
686 3249 796 3316 inferre
829 3258 950 3338 parant;
974 3251 1106 3315 audaces
1132 3250 1256 3316 iuvenes
1279 3258 1460 3338 erumpunt,

339 3378 375 3435 ut
396 3370 560 3437 incendant
582 3377 826 3459 oppugnatorum
850 3393 955 3457 opera;
979 3369 1063 3456 quod
1086 3392 1192 3455 quum·
1207 3369 1459 3452 benesuccessit,

341 3491 421 3582 ignis
433 3491 567 3558 celeriter
577 3500 768 3580 pervagatur,
793 3513 978 3578 quamquam
991 3492 1083 3557 viridi
1093 3492 1175 3579 ligno
1187 3493 1330 3558 luctatur.
1354 3493 1461 3574 Quum

340 3610 435 3676 victos
468 3635 535 3698 spes
568 3620 648 3678 terra
684 3613 826 3678 vincendi
861 3611 1032 3692 fefellisset,
1056 3612 1173 3699 placuit
1195 3613 1271 3677 mari
1293 3611 1460 3678 Fortunam

340 3736 466 3797 tentare.
511 3731 615 3798 Nares
648 3732 793 3798 Romanis
827 3731 962 3798 celeriter
996 3731 1182 3796 fabricandae
1217 3739 1302 3796 erant
1331 3738 1361 3796 et
1389 3755 1459 3797 mox

340 3849 442 3915 classis
465 3851 607 3916 comitata
629 3875 737 3918 navem
756 3852 847 3917 Bruti
871 3851 973 3930 ducis,
998 3850 1029 3913 in
1055 3870 1136 3912 mare
1157 3849 1256 3930 venit,
1281 3850 1457 3916 Stoichades

338 3974 455 4058 petens.
498 3970 700 4038 Massilienses
734 3994 857 4058 quoque
885 3967 1033 4056 quicquid
1055 3967 1094 4030 iis
1117 3968 1240 4034 nuvium
1262 3977 1309 4034 cst
1331 3977 1457 4050 ornant;

339 4111 443 4156 omnes
482 4089 564 4156 viros
606 4092 786 4178 imponunt,
831 4092 874 4155 ita
919 4094 955 4152 ut
989 4092 1020 4150 et
1049 4084 1169 4170 ephebis
1207 4096 1238 4152 et
1279 4091 1458 4176 grandaevis

337 4207 460 4274 senibus
481 4209 674 4298 impleantur.
719 4211 808 4278 Licet
828 4204 1068 4273 Massiliensium
1088 4225 1178 4269 naves
1198 4205 1313 4274 habiles
1337 4215 1456 4290 essent,
