3296 5132
757 409 797 470 69

217 613 420 679 excursionem
440 619 550 700 ponat;
569 613 676 680 deindo
694 621 783 701 poeta
799 616 889 680 unius
901 620 1017 680 tautum
1037 615 1131 680 oladis
1143 616 1217 682 mari
1229 638 1332 702 scoep-

216 737 266 798 tae
288 733 471 800 mentionem
488 734 577 815 lacit,
600 733 673 799 licet
687 756 739 799 eos
751 734 863 799 Brutus
875 734 993 822 saepius
1005 734 1162 820 fugaverit.
1185 735 1332 801 Excursio

216 852 298 938 ipsa,
322 852 494 918 incendium
517 875 578 939 quo
601 853 802 918 Massilienses
825 875 914 939 opera
936 854 1071 919 Caesaris
1083 855 1330 940 corrumpebant,

217 995 307 1037 naves
337 972 522 1053 aedificatae,
556 993 659 1059 pugna
685 972 814 1053 navalis,
839 972 939 1038 omnia
961 973 1034 1038 haec
1065 994 1133 1038 oum
1157 973 1216 1037 fide
1238 973 1331 1038 histo·

215 1093 278 1157 rica
307 1092 455 1179 descripta
486 1100 569 1159 sunt.
612 1090 686 1158 Non
717 1098 825 1172 autem,
850 1092 943 1157 tradit
972 1091 1127 1157 Caesarem
1150 1091 1274 1156 rediisse
1297 1115 1333 1157 ex

216 1211 362 1298 Hispania
392 1212 519 1277 Afranio
542 1212 721 1296 Petreioque
743 1212 891 1292 subactis,
927 1233 1021 1296 quum
1056 1209 1205 1276 deditioni
1239 1212 1331 1277 iuter·

216 1336 304 1396 esset.
349 1331 489 1396 Profecto
527 1329 750 1416 Sohauhach1)
790 1331 918 1397 nimium
962 1331 1103 1396 audacter
1142 1330 1330 1417 suspicatur:

217 1449 400 1529 ,vielleicht
433 1447 617 1534 verschwieg
639 1448 691 1512 der
713 1447 838 1514 Dichter
860 1448 938 1514 such
962 1449 1027 1513 hier
1048 1448 1228 1513 absiohtlioh
1251 1447 1331 1514 diese

214 1569 433 1634 Anwesouheid
455 1567 595 1649 Caesare,
615 1591 669 1634 um
692 1570 777 1634 nicht
794 1569 826 1632 iu
838 1568 887 1633 die
899 1569 981 1654 Lago
991 1568 1131 1632 hommen
1143 1590 1179 1632 nu
1192 1575 1329 1647 miissen,

214 1687 264 1752 die
281 1687 378 1753 Milde
390 1688 453 1753 und
465 1686 646 1755 Grosnmuth
658 1689 710 1754 das
721 1688 836 1774 Siegers
848 1711 885 1752 au
897 1687 1044 1768 riihmen,
1058 1687 1110 1751 der
1121 1686 1178 1751 den
1190 1687 1331 1771 Dr'angon

212 1805 265 1871 der
302 1805 403 1872 beute·
424 1807 486 1872 und
512 1808 728 1893 mordlustigen
751 1806 890 1872 Soldaten
912 1807 998 1871 nicht
1021 1804 1173 1891 naohgab,
1203 1804 1331 1868 sondern

212 1923 262 1989 die
284 1924 372 1989 Stadt
395 1925 605 1992 versohonte''.
630 1964 673 1980 -
701 1925 936 2011 quodquidam
959 1949 1061 1991 verum
1087 1931 1149 2005 est,
1182 1924 1262 2010 quod
1292 1924 1331 1988 ad

212 2044 306 2109 vitam
329 2046 441 2110 civium
464 2046 591 2112 adtinet.
637 2047 734 2112 Dione
757 2045 837 2111 enim
860 2049 1017 2130 anotorel)
1045 2045 1162 2110 ἐκείνων
1182 2046 1252 2111 τότε
1274 2046 1332 2123 μὲν

212 2164 256 2228 τοί
280 2189 316 2229 τε
342 2161 427 2230 ὅπλα
451 2166 503 2230 καὶ
533 2168 591 2238 τὰς
615 2170 689 2238 ναῦς
716 2165 759 2230 rot
780 2190 816 2232 τε
835 2165 990 2245 χρήματα
1013 2166 1183 2247 ἀφείλετο,
1209 2164 1331 2246 ὕστερον

211 2283 243 2349 δὲ
267 2283 319 2349 καὶ
345 2284 388 2348 rot
411 2285 507 2349 λοιπὰ
532 2285 639 2350 πάντα
663 2285 744 2358 πλὴν
768 2290 821 2349 τοῦ
843 2292 898 2358 τῆς
923 2285 1093 2365 ἐλευθερίας
1117 2285 1277 2363 ὀνόματος.

253 2405 280 2468 Ε
310 2403 420 2489 quibus
455 2405 608 2490 sequitur,
633 2404 788 2471 Lucanum
811 2428 873 2470 non
895 2405 1018 2470 omuino
1042 2404 1143 2470 studio
1173 2405 1331 2493 abreptum

210 2525 332 2590 finxisse
352 2525 437 2591 ducis
462 2524 501 2590 ad
523 2525 637 2590 milites
660 2525 915 2605 adhortationem,
940 2545 1029 2588 versu
1052 2526 1131 2588 3600
1143 2524 1330 2604 conclusam,

210 2667 269 2730 qua
300 2666 350 2709 eos
384 2667 436 2730 spe
469 2645 595 2731 praedae
618 2645 763 2710 excitaret
785 2644 824 2710 ad
846 2643 950 2710 urbem
980 2642 1135 2708 delendam
1158 2650 1189 2709 et
1221 2667 1331 2730 poenas

210 2786 228 2827 a
250 2762 370 2826 civibus
387 2763 557 2829 sumendas.
579 2764 756 2848 Numquam
780 2762 859 2828 enim
882 2761 989 2827 Caesar
1006 2761 1152 2826 militibus
1165 2739 1330 2848 quidquam

210 2880 380 2968 polliceret,
409 2905 502 2968 quum
525 2882 680 2969 promissis
702 2888 779 2947 staro
802 2882 835 2946 in
859 2882 958 2946 animo
984 2903 1044 2944 non
1068 2888 1157 2948 esset.
1185 2881 1231 2946 De
1256 2881 1332 2946 mili·

190 3002 268 3072 tari
291 3003 372 3068 enim
395 3002 574 3067 auctoritate
597 3001 760 3087 periclitari
784 3001 860 3066 hano
884 3002 929 3067 ob'
947 3024 1066 3068 oausam
1089 3001 1246 3066 noluisset.
1339 3018 1342 3026 ’

254 3121 380 3187 Orosius
413 3120 486 3185 haec
520 3118 557 3184 de
585 3119 723 3184 Massilia
746 3093 864 3185 obsessa
887 3121 1023 3186 tradidit.
1071 3120 1140 3200 ,Ad
1162 3120 1331 3186 Massiliam

211 3240 443 3328 oppugnandam
471 3261 542 3305 oum
571 3245 707 3326 receptus
734 3262 795 3304 non
818 3247 910 3319 esset,
934 3239 1117 3304 Trebonium
1142 3261 1210 3304 oum
1233 3240 1330 3305 tribus

126 3401 130 3410 ·
210 3359 380 3446 legionibus
399 3356 555 3444 reliquit'’.
600 3359 705 3424 Florus
728 3360 839 3440 tradit,
863 3381 933 3424 eum
956 3358 1052 3424 Bruto
1075 3358 1187 3423 bellum
1210 3359 1331 3423 manda-

212 3480 305 3560 visse,
336 3480 391 3564 qui
413 3479 511 3544 victos
533 3485 611 3545 terra
634 3480 770 3564 marique
792 3502 844 3566 per
866 3479 992 3544 domuit.
1038 3477 1207 3561 Utramque
1234 3478 1332 3563 opini-

213 3621 299 3664 onem
322 3597 464 3663 Luoanus
476 3598 592 3678 iunxit,
604 3599 718 3684 legerat
730 3599 810 3664 enim
823 3599 903 3686 apud
915 3598 1036 3664 Livium
1048 3624 1062 3662 z·
1070 3597 1197 3678 „Caesar
1208 3597 1332 3680 reliquit

212 3719 244 3782 in
277 3717 434 3783 obsidione
468 3717 552 3782 urbis
585 3717 700 3803 legatos
725 3718 799 3804 ¹eius
832 3715 867 3783 O.
902 3717 1083 3783 Trebonium
1117 3722 1148 3780 et
1174 3715 1331 3780 Decimum

214 3835 368 3902 Brutum''
392 3836 542 3922 (Periooh.
566 3813 645 3921 ΟΧ.)

243 4123 262 4184 ¹)
281 4113 450 4185 Sohaubaoh,
469 4118 576 4174 Luoaus
594 4117 732 4174 Pharsalia
750 4116 805 4174 und
822 4118 865 4174 ihr
882 4117 1022 4176 Verhtltn.
1040 4137 1087 4174 zur
1104 4117 1198 4176 Gesoh.
1216 4137 1260 4192 pg.
1281 4120 1324 4175 11.

244 4207 263 4276 ²)
282 4205 344 4266 Dio,
360 4207 393 4264 B.
411 4206 440 4262 (l.
459 4205 533 4262 XLI.
552 4207 595 4264 25.
