3296 5132
656 537 658 540 ·
753 510 772 573 a

247 715 378 781 Uxorem
394 713 476 780 Mela
496 713 624 779 Aciliam
644 712 782 794 duxerat,
803 713 895 780 filiam
912 714 1040 781 rhetoris
1057 715 1138 782 haud
1157 717 1315 784 mediocris

204 833 316 914 famae,
346 833 468 898 nomine
495 831 587 898 Acilii
615 831 741 898 Lucani.
786 831 860 898 Eam
887 855 1007 920 quoque
1033 833 1188 902 Cordubae
1213 842 1314 902 natam

182 974 267 1016 *esse
289 974 305 1016 e
327 959 416 1039 gente
438 951 533 1017 nobili
557 956 588 1016 et
608 947 725 1036 plebeia
748 950 847 1015 Acilia
873 951 971 1017 Vacca
993 974 1047 1018 nos
1070 954 1210 1020 certiores
1233 951 1315 1023 lacit.

206 1071 344 1137 Lucanus
365 1071 431 1158 ipse
457 1069 582 1157 originis
608 1069 710 1134 matris
733 1091 862 1152 memor,
893 1070 1025 1137 Acilium
1054 1071 1202 1158 quendam
1224 1073 1319 1141 laudi·

206 1189 263 1256 bus
285 1187 419 1270 extollit,
447 1188 502 1274 qui
525 1210 626 1274 pugna
647 1187 747 1254 navali
771 1187 908 1254 manibus
938 1163 1101 1277 amputatis
1135 1198 1240 1278 pectus
1263 1194 1320 1258 ira·

206 1317 326 1376 ternum
348 1329 470 1395 corpore
491 1313 596 1393 tegens
619 1313 650 1372 et
669 1331 686 1373 a
705 1307 774 1372 telis
791 1307 948 1374 defendere
968 1316 1101 1400 conatus,
1121 1309 1232 1377 crebris
1255 1334 1320 1378 eus·

206 1428 326 1516 pidibus
348 1429 482 1493 confixus
503 1426 638 1514 perstitit
656 1429 693 1512 ¹).

250 1547 379 1614 Aciliam
407 1554 470 1611 tam
499 1546 606 1620 marito
629 1567 720 1634 quam
744 1545 805 1612 filio
828 1547 1019 1634 superstitem
1041 1547 1133 1613 fuisse
1157 1571 1194 1614 ex
1217 1543 1321 1615 Tacito

207 1673 338 1755 apparet.
383 1665 466 1732 Nam
495 1665 585 1731 Pater
608 1665 724 1731 Lucani
745 1672 816 1752 post
842 1666 896 1731 filii
919 1674 1045 1732 mortem
1064 1665 1193 1735 Fabium
1215 1667 1323 1733 Roma·

207 1808 280 1852 num
302 1787 336 1850 in
357 1784 506 1851 iudicium
532 1784 669 1866 vocavit,
692 1807 754 1850 rem
773 1784 941 1850 familiaren
959 1785 1013 1851 lilii
1038 1785 1147 1852 acriter
1168 1794 1322 1873 appetens.

209 1905 241 1971 Is
270 1905 349 1970 enim
378 1904 527 1986 Romano,
558 1903 612 1991 qui
639 1926 675 1968 ex
703 1903 819 1969 intimis
841 1903 903 1969 suis
926 1910 989 1968 erat
1010 1904 1167 1990 pecuniam
1189 1901 1320 1970 commo-

208 2023 293 2089 dasse
311 2022 441 2088 videtur.
471 2022 551 2088 Mela
570 1993 677 2087 deinde
687 2022 819 2087 Neronis
831 2022 965 2103 avaritia,
979 2042 1067 2110 supra
1078 2030 1318 2104 commemorata,

210 2149 332 2209 coactns
355 2143 414 2208 sibi
437 2152 562 2210 mortem
585 2140 733 2207 conscivit
746 2144 770 2228 ς)
797 2163 889 2229 quum
914 2141 972 2206 alio
995 2141 1100 2227 loco⁸)
1123 2140 1245 2207 Tacitus
1268 2165 1323 2208 nos

210 2263 298 2334 docet
325 2261 454 2327 Aciliam
484 2269 554 2349 post
577 2261 813 2327 coniurationem
838 2259 958 2325 Pisonis
981 2259 1149 2342 detectam,
1172 2281 1246 2349 quae
1269 2261 1325 2325 tilii

211 2389 318 2469 totque
340 2381 506 2468 insignium
529 2381 661 2447 virorum
684 2403 773 2446 causa
794 2386 857 2445 erat
886 2379 1005 2462 mortis,
1029 2378 1094 2445 siue
1120 2379 1323 2461 absolutione,

210 2501 275 2566 sine
297 2499 445 2587 supplicio
470 2499 690 2566 dissimulatam
713 2521 787 2566 esse.

254 2619 301 2685 Ex
327 2609 382 2684 illa
410 2617 533 2684 muliere
561 2618 704 2684 Lucanus
733 2609 821 2706 potita
852 2627 942 2685 natus
971 2626 1017 2686 est
1039 2643 1066 2688 a.
1087 2621 1116 2688 d.
1138 2621 1222 2687 Non.
1244 2620 1325 2687 Noc.

212 2741 293 2806 Ann.
316 2737 491 2806 1300on
510 2737 550 2806 U.
570 2737 605 2806 Ο.
629 2741 661 2821 (3
680 2738 765 2806 Nor.
784 2740 825 2803 39
846 2762 876 2826 p.
895 2736 931 2805 Ο.
953 2739 1009 2824 Ν.)
1034 2738 1118 2806 Caes.
1132 2742 1211 2826 Aug.
1224 2739 1326 2806 Germ.

212 2857 248 2923 ΙΙ
269 2859 344 2926 Luc.
373 2859 509 2946 Apronio
532 2857 678 2924 Cassiano
700 2856 783 2925 Coss.
808 2858 994 2926 Praenomen
1017 2855 1113 2922 Marci
1137 2856 1174 2923 ab
1197 2880 1254 2923 avo
1277 2881 1328 2944 pa·

212 2987 315 3059 terno,
345 3001 511 3066 cognomen
538 2976 655 3042 Lucani
685 3000 703 3042 a
731 2977 834 3042 matris
860 2984 944 3064 patre
973 2977 1088 3063 accepit
1099 2979 1136 3064 ⁴).
1251 2995 1254 3003 ’

255 3095 435 3185 Priusquam
461 3103 563 3161 autem
589 3095 685 3182 ipsam
712 3095 828 3162 Lucani
849 3095 942 3161 vitam
962 3103 1091 3161 tractare
1120 3095 1326 3183 aggredimur,

213 3217 312 3281 fontes
341 3215 473 3281 indicare
502 3236 577 3302 opus
596 3221 641 3280 est
665 3237 682 3280 e
707 3215 816 3302 quibus
848 3214 957 3281 notitia
986 3215 1051 3280 eius
1081 3214 1194 3279 hauriri
1218 3220 1327 3300 potest.

214 3333 369 3422 Reliquiae
392 3334 613 3422 deperditarum
634 3334 778 3400 librorum
785 3384 794 3416 ,
813 3333 959 3400 Suetonio
972 3335 1064 3421 vulgo
1076 3333 1223 3413 tributae,
1243 3331 1330 3398 nobis

214 3558 446 3570 -nn—-n-——un

244 3702 266 3773 ¹)
284 3698 352 3756 Iruc.
368 3697 462 3758 Phara.
479 3697 533 3755 IH.
552 3699 611 3757 603.
629 3697 733 3757 Confer.
751 3697 838 3756 Schol.
857 3698 924 3757 Luc.
942 3696 1007 3754 llll
1028 3698 1088 3757 694.

243 3787 266 3860 ²)
283 3785 368 3844 Tacit.
385 3785 456 3843 Anu.
474 3784 541 3842 XVI
559 3788 602 3848 17.

243 3875 265 3947 5)
283 3873 368 3930 Tacit.
384 3873 455 3930 Arm.
473 3871 534 3930 XV.
553 3873 596 3932 71.

242 3962 265 4034 ⁴)
283 3959 386 4017 Lucani
403 3977 548 4033 cognomen
564 3959 593 4016 in
610 3959 709 4018 litteris
725 3959 854 4016 Romanis
872 3959 952 4016 etiarn
971 3959 1042 4034 apud
1060 3958 1226 4018 notissimum
1247 3965 1336 4035 patro·

208 4065 273 4104 num
289 4047 418 4116 Terentii,
435 4046 629 4105 comoediarum
647 4047 796 4122 scriptoris,
815 4046 942 4104 Publium
963 4048 1115 4104 Terentium
1138 4049 1276 4106 Lucanum
1296 4050 1336 4107 iu·

208 4133 342 4200 venimus;
369 4151 449 4208 quum
471 4133 568 4200 Caesar
590 4131 623 4189 de
646 4131 723 4190 Bello
741 4131 845 4190 Gallico
864 4133 909 4204 (V.
928 4135 973 4205 35)
992 4133 1071 4206 primi
1088 4131 1137 4208 pili
1154 4134 1269 4192 eiusdem
1288 4139 1357 4194 no-⁸

208 4219 287 4275 rninis
304 4221 464 4277 mentionem
482 4219 554 4278 iacit.
590 4218 694 4276 Deinde
714 4219 769 4288 tria
792 4218 926 4280 Martialis
946 4220 1136 4293 epigrammata
1154 4219 1336 4296 adquemdam

208 4303 347 4364 Lucanum
364 4306 463 4381 scripta
481 4306 603 4379 legimus.
639 4307 675 4379 [I.
693 4308 737 4366 36.
755 4305 829 4364 VIII
846 4307 891 4367 7⁵.
909 4305 960 4364 IX.
978 4306 1034 4379 38.]

1196 4412 1236 4478 1¹1·
