3296 5132
870 411 912 472 42

329 617 368 682 tis
407 617 518 682 mentio
554 619 588 682 fit
621 622 718 703 ncqrie
751 617 830 704 apud
864 615 1002 697 Florum,
1048 640 1146 702 neque
1180 617 1261 704 apud
1296 618 1446 685 Orosintn.

328 737 446 818 Caesar,
470 759 559 822 quem
574 737 723 802 interdurn
737 735 859 801 Lucano
873 742 1025 801 auctorem
1039 736 1132 802 fuisse
1143 735 1323 816 videbimus,
1343 743 1447 823 poeitae

328 855 385 920 hac
419 856 451 920 in
474 879 505 922 re
529 856 641 922 fontem
663 856 802 943 praebere
824 879 885 921 non
908 857 1027 943 potuit,
1062 856 1175 944 quippe
1198 857 1251 941 qui
1272 857 1384 922 iustam
1407 858 1447 921 ob

328 997 448 1039 oausam
483 981 576 1039 totam
604 976 681 1040 hanc
711 997 772 1039 rem
799 975 919 1041 silentio
943 975 1145 1062 praeterierit,
1177 997 1268 1061 quam
1295 978 1321 1040 si
1349 999 1446 1040 narra·
1531 1037 1533 1042 ,

330 1093 424 1158 visset
449 1115 615 1178 numquam
647 1094 762 1159 civibus
797 1095 858 1158 suis
881 1094 1035 1180 probasset
1049 1089 1102 1177 1).¹
1123 1093 1201 1160 Cum
1235 1094 1379 1160 Suetonio
1413 1117 1447 1159 ac

326 1212 489 1278 Plutarcho
523 1235 607 1292 eum,
640 1212 681 1277 iu
715 1235 833 1278 sornma
871 1234 903 1276 re
932 1234 1095 1298 congruere
1127 1211 1269 1278 vidimus.
1325 1213 1446 1278 Livium

326 1330 383 1396 etsi
432 1331 488 1397 hoc
536 1332 650 1398 factum
698 1332 819 1396 silentio
860 1354 920 1396 non
961 1332 1149 1417 praeteriisse
1196 1329 1446 1398 verisimillimum

329 1457 392 1530 est,
424 1473 477 1538 pro
508 1458 588 1515 certo
604 1458 719 1550 ¹tamen
748 1450 886 1515 affirmari
915 1450 1021 1535 nequit
1043 1455 1132 1536 poeta
1154 1473 1190 1515 ex
1210 1474 1245 1516 eo
1268 1452 1351 1516 fonte
1374 1450 1447 1516 hau-

326 1569 408 1636 sisse.
454 1568 535 1652 Quia
569 1577 669 1635 tamen
703 1576 733 1634 et
765 1570 797 1634 in
828 1568 964 1635 moribus
986 1569 1098 1635 ducum
1121 1571 1336 1657 depingendis,
1360 1577 1391 1636 ct
1413 1570 1446 1636 iu

325 1689 474 1774 portentis
504 1689 660 1754 narrandis
689 1689 883 1754 manifestum
907 1712 1085 1754 consensum
1108 1690 1235 1755 existere
1258 1690 1362 1777 negari
1384 1712 1445 1756 non

325 1814 443 1894 potest,
466 1813 497 1872 et
519 1829 613 1891 quum
637 1813 754 1870 constet
777 1807 914 1871 Cassium
941 1807 1071 1872 Dionem
1099 1808 1131 1872 in
1158 1808 1290 1888 moribus
1313 1808 1449 1874 Caesaris

322 1933 352 1990 et
374 1925 512 2012 Pompeii
533 1925 735 1990 describendis
758 1948 826 1990 oum
838 1925 944 2006 Floro,
969 1925 1071 1990 sedulo
1080 1926 1163 1991 Livii
1176 1925 1351 2007 imitatore,
1376 1950 1449 1992 oon·

324 2066 442 2130 gruere,
466 2045 639 2110 coniectura
661 2044 759 2108 audax
782 2067 845 2109 esse
868 2067 926 2108 non
952 2045 1071 2110 videtur
1091 2045 1215 2112 Lucano
1236 2046 1360 2112 Livium
1382 2047 1448 2111 lon·

330 2171 390 2228 tem
414 2163 518 2230 luisse.

371 2283 480 2348 Paucis
514 2283 603 2349 nobis
637 2282 712 2348 libet
746 2284 894 2370 attingere
928 2285 1004 2369 quid
1034 2284 1090 2348 hac
1118 2284 1150 2348 in
1179 2307 1210 2348 re
1241 2285 1278 2349 de
1307 2285 1448 2371 Appiano

325 2402 519 2467 statuendum
549 2402 600 2467 sit.
645 2401 686 2465 Et
711 2401 830 2466 Heeren
852 2409 882 2476 et
907 2401 1026 2487 Wynne
1046 2405 1070 2486 2)
1095 2424 1155 2466 non
1176 2403 1273 2468 solnm
1294 2403 1447 2490 suspican-

325 2527 376 2584 tur
383 2571 392 2600 ,
417 2521 468 2585 sed
482 2520 571 2584 etiam
583 2520 728 2604 exemplis
741 2519 957 2606 probaverunt,
978 2519 1147 2606 Appianum
1161 2523 1271 2608 partim
1284 2522 1446 2610 Polybuim

327 2640 435 2724 partim
465 2638 587 2703 Livium
611 2645 747 2703 secutum
771 2661 843 2704 esse.
889 2637 988 2703 Multa
1011 2641 1146 2725 exempla
1170 2640 1250 2704 enim
1273 2641 1447 2708 similitudi-

322 2760 387 2834 nis,
422 2780 498 2843 quae
528 2757 607 2822 inter
633 2758 715 2823 Livii
736 2758 904 2842 fragmenta
935 2763 965 2821 et
998 2758 1169 2843 Appianum
1205 2759 1382 2841 intercedit,
1407 2761 1446 2826 ab

326 2887 466 2964 utroquev
483 2884 764 2942 commemorantur.
810 2875 853 2940 Ut
883 2877 940 2940 hoc
964 2882 1085 2941 tantum
1109 2878 1281 2959 afferamus,
1315 2881 1386 2964 quia
1408 2883 1447 2947 ad

326 3019 387 3062 rem
413 2997 508 3083 ipsam
531 3019 620 3082 quam
644 3004 807 3061 tractamus
830 2995 978 3080 pertinere
994 2986 1136 3076 ¹videtur,
1162 2997 1266 3062 eodem
1291 2999 1394 3066 ordine
1417 3009 1448 3067 et

328 3116 408 3202 apud
433 3116 603 3202 Appianum
627 3116 711 3180 etin
735 3114 884 3200 Epitomis
908 3114 1044 3178 Liuianis
1067 3115 1364 3200 legimusCaesarcm
1378 3142 1446 3184 cum

327 3235 460 3300 exercitu
492 3235 525 3299 in
556 3234 677 3298 Italiam
710 3234 840 3312 venisse,
872 3232 1038 3296 Corfinium
1068 3234 1105 3297 ab
1135 3234 1239 3299 eodem
1270 3245 1390 3322 captum
1412 3261 1447 3302 ac

329 3353 507 3444 Pompeium
536 3352 660 3437 eiusque
683 3357 843 3416 sectatores
866 3350 956 3415 Italia
978 3352 1120 3438 expulsos
1143 3376 1217 3420 esse.
1263 3355 1361 3420 Maior
1385 3359 1446 3443 Ap·

329 3475 412 3560 piani
440 3474 561 3539 ubertas
591 3493 651 3536 non
680 3471 807 3556 impedit
835 3470 995 3555 quominus
1026 3493 1204 3536 consensum
1230 3495 1298 3538 cum
1321 3473 1449 3538 Liviana

330 3593 472 3680 Epitome
504 3590 771 3678 deprehendamus.
818 3588 916 3654 Ambo
941 3609 1030 3675 porro
1053 3600 1224 3676 congruunt
1247 3593 1298 3657 ubi
1324 3594 1360 3658 C.
1385 3597 1444 3658 An·

355 3869 376 3937 ¹)
395 3865 507 3922 Minime
529 3882 595 3937 opus
622 3867 662 3919 est
690 3863 753 3919 haec
776 3867 855 3936 alque
878 3861 930 3918 alia
955 3881 1046 3936 parum
1069 3869 1190 3920 accurate
1213 3870 1293 3939 atque
1311 3868 1452 3942 diligenter

320 3973 335 4009 a
353 3955 464 4008 Caesare
483 3949 525 4005 vel
545 3949 643 4005 tradita
661 3949 703 4005 vel
722 3950 876 4023 praeterita,
895 3948 1010 4005 tribuere
1029 3951 1119 4006 morbo
1137 3953 1264 4009 comitiali
1280 3975 1332 4027 quo
1355 3958 1452 4014 Caesar

319 4038 469 4105 laborabat,
487 4055 565 4110 quem
584 4037 617 4092 ad
636 4037 742 4092 modurn
764 4035 823 4091 vult
842 4035 917 4092 Ferd.
936 4035 1003 4091 Seck
1022 4035 1117 4108 (Essen
1140 4040 1225 4110 1864).
1250 4042 1333 4112 Quasi
1354 4043 1452 4101 Caesar

317 4145 348 4184 ea
366 4126 423 4198 ipsa
441 4122 543 4179 oblitus
564 4125 633 4179 esset
650 4141 718 4193 quae
737 4121 788 4176 sibi
807 4121 967 4176 detrimento
987 4139 1044 4177 esse
1063 4125 1183 4195 possent!

350 4214 372 4285 ²)
390 4210 507 4282 Wijnne.
535 4209 576 4264 De
596 4206 647 4264 fide
667 4213 695 4264 ct
713 4205 872 4264 auctoritate
895 4205 1020 4280 Appiani.
