3308 5138
827 618 924 688 xm.
951 571 955 578 ’

359 717 450 785 ovid.
473 717 599 782 Metam.
621 712 696 781 VII.
721 713 796 780 657.

601 853 786 921 parcumque
808 852 904 920 genus
927 829 1105 918 patiensque
1127 825 1280 908 laborum,
1376 908 1380 915 Ι

515 952 714 1038 Quaesitique
741 957 840 1018 tenax.

360 1074 441 1161 Iege
463 1054 685 1160 Prcposilique.
722 1139 726 1150 ,

361 1191 409 1260 Id.
432 1191 475 1260 id.
499 1191 559 1258 XI.
583 1193 658 1257 493.

424 1311 494 1399 Ipse
516 1316 606 1399 pavet
627 1331 684 1375 nec
706 1329 752 1390 se,
776 1307 831 1393 qui
853 1307 893 1373 sit
915 1311 1030 1389 slatus,
1054 1306 1119 1394 ipsc
1141 1307 1254 1372 fatetur
1376 1385 1380 1390 μ

424 1429 505 1497 Scire
527 1429 601 1494 ratis
624 1433 732 1507 rector,
756 1449 811 1492 nec
836 1426 911 1514 quid
932 1423 1071 1512 iubeatve
1098 1424 1217 1492 velitne.

361 1553 422 1618 Pro
444 1550 555 1618 velitne
582 1549 791 1618 scribendum:
815 1556 932 1617 vetetve

133 1719 136 1723 -
233 1731 235 1762 Ι
361 1671 410 1740 Id.
433 1671 599 1739 Halientic.
627 1672 681 1739 64.
1192 1769 1194 1776 Ι

492 1790 534 1856 El
559 1797 648 1879 capto
671 1790 791 1878 fugiens
814 1789 928 1856 Cervus
951 1789 1016 1857 sine
1038 1789 1098 1856 fine
1121 1787 1239 1856 timore.

363 1911 424 1978 Pro
446 1917 535 1999 capto
557 1909 733 1999 legendum:
757 1932 850 1977 casso.

837 2028 925 2099 XIV.

363 2118 473 2189 Horat.
495 2119 584 2187 Satin.
607 2118 652 2188 11.
675 2123 708 2188 4.
733 2123 787 2188 59.

551 2229 554 2234 ¹
759 2261 830 2307 nam
852 2239 969 2306 lactuca
994 2238 1111 2304 innatat
1134 2236 1196 2303 acri

559 2359 634 2426 Post
657 2359 762 2426 vinum
785 2359 950 2426 stomacho.

361 2476 422 2544 Pro
444 2478 506 2544 acri
527 2478 709 2566 legendum:
733 2478 819 2547 acria.
910 2472 912 2480 ’

366 2597 414 2665 Id.
437 2597 536 2686 Epist.
559 2597 587 2665 Ι.
613 2600 643 2665 1.
669 2601 722 2666 al.

535 2715 569 2782 si
591 2724 711 2785 curatus
734 2715 887 2802 inaequali
909 2723 1030 2784 tonsore
1053 2715 1176 2805 capillos

455 2835 576 2904 Occuri.

367 2955 428 3022 Pro
450 2963 571 3024 curatus
593 2957 678 3044 lege:
703 2961 847 3024 cunutus.

367 3075 414 3143 Id.
445 3076 540 3164 Epist.
564 3075 609 3144 ΙΙ.
641 3079 672 3144 3.
691 3079 771 3145 418.

424 3233 425 3236 ¹
531 3196 571 3262 El
594 3195 675 3284 quod
699 3219 760 3262 non
782 3195 876 3272 didici
900 3217 970 3262 sane
992 3193 1107 3261 nescire
1130 3191 1228 3260 fateri.

367 3315 426 3382 Pro
448 3338 519 3382 sane
541 3315 699 3404 legendnm
723 3321 783 3383 est:
807 3316 907 3404 plane.

371 3525 482 3591 Seneca
504 3524 596 3591 Herc.
619 3525 691 3591 Fur.
716 3526 791 3592 559.
852 3433 924 3504 XV·

567 3643 698 3710 Evincas
721 3644 837 3710 utinam
861 3643 927 3711 iura
949 3644 1028 3712 farae
1056 3642 1157 3730 Stygis

568 3761 789 3849 Parcarumque
812 3763 892 3830 colos
913 3787 975 3829 non
996 3761 1186 3830 revocabiles.
1241 3849 1242 3852 Ἴ

371 3883 452 3970 Lege
474 3881 665 3948 revolubiles.

844 3970 933 4040 XVI.

366 4091 451 4158 Caes.
474 4092 509 4156 dc
534 4092 567 4156 B.
592 4092 629 4156 C.
654 4089 697 4157 ΙΙ.
723 4095 751 4158 5.
778 4097 806 4158 5.
832 4092 865 4158 Si
888 4091 961 4178 quid
985 4090 1131 4180 [adversi]
1152 4089 1319 4158 accidisset.

367 4209 462 4275 Uncis
485 4211 635 4276 inclusum
659 4210 830 4279 delendum.
