3296 5132
723 438 766 501 45

596 734 699 805 Mber
723 737 894 808 secundae.

230 980 278 1044 Ex
300 979 338 1044 iis
360 1003 435 1066 quae
459 1002 476 1044 a
498 988 587 1066 poeta
609 981 686 1047 libro
708 981 808 1068 primo
832 989 997 1066 canuntur,
1019 985 1134 1049 Romae
1159 984 1305 1050 maximus

186 1121 301 1164 maeror
331 1106 362 1163 et
392 1099 564 1164 animorum·
590 1099 955 1187 defectio'sequebantur.
1001 1101 1103 1169 Ferale
1125 1126 1179 1191 per
1202 1103 1306 1168 urbem

187 1218 356 1298 iustitium3
368 1218 450 1284 aives
461 1218 558 1305 primo
570 1227 694 1303 questus
706 1242 777 1285 suos
789 1229 823 1286 ut
835 1244 1034 1309 supervacuos
1046 1222 1207 1301 tenebant3
1221 1223 1307 1287 dolor

140 1363 146 1378 ·
187 1338 254 1412 sine¹
277 1359 352 1402 voce
375 1336 501 1404 errabat.
546 1337 669 1404 Poe'tiee
693 1339 795 1404 omnio
814 1340 956 1405 Lucanus
974 1339 1101 1405 Romam
1126 1363 1196 1405 eum
1220 1341 1308 1406 domo

188 1464 359 1538 comparat,
385 1456 436 1521 ubi
453 1464 592 1544 parentes
609 1459 743 1524 nondum
759 1459 841 1524 crine
858 1455 929 1546 pree
947 1460 1050 1526 dolore
1067 1461 1186 1541 solutu,
1207 1461 1309 1528 oeulos

188 1575 364 1640 moribundi
387 1577 417 1641 in
442 1585 538 1642 morte
560 1585 699 1660 natantes
722 1578 894 1665 adspiciunt
921 1580 1000 1646 inter
1029 1603 1111 1668 spem
1135 1586 1310 1666 metumque

189 1696 343 1781 suspensi:
370 1697 499 1761 necdum
531 1704 577 1762 est
611 1698 662 1762 ille
695 1698 797 1778 dolor,
833 1698 885 1763 sed
914 1699 976 1764 iam
999 1707 1106 1765 metus.
1152 1700 1310 1768 Matronae

191 1823 375 1898 queruntur;
410 1838 502 1901 quum
537 1817 611 1882 alter
635 1817 756 1898 vicerit,
789 1825 864 1882 tuuo
887 1818 1006 1884 demum
1030 1819 1220 1904 gaudendum
1243 1820 1310 1888 erit.

189 1931 301 2018 Neque
329 1934 388 1998 viri
412 1933 507 2000 iustas
530 1935 562 2000 in'
584 1959 688 2000 saevos
715 1936 786 2002 deus
809 1935 943 2022 querelas
961 1937 1107 2004 retinent:
1135 1937 1311 2024 semetipsos

191 2035 328 2118 infelices
355 2064 465 2119 voeant
496 2055 577 2140 quod
612 2055 796 2142 temporibus
831 2054 1015 2128 Hannibalis
1047 2055 1111 2122 nuti
1142 2079 1201 2121 non
1228 2037 1311 2138 sint3

191 2171 322 2236 libenter
353 2173 385 2236 iu
409 2195 533 2238 numero
562 2195 665 2239 eorum
683 2174 830 2254 fuissent,
859 2174 912 2258 qui
935 2173 1070 2238 cladibus
1093 2174 1175 2260 apud
1195 2173 1313 2239 Cannas

195 2299 226 2354 et
258 2291 396 2356 Trebiam
432 2293 564 2380 acceptis
598 2293 802 2360 interfuerint.
848 2293 933 2359 Turro
969 2315 1075 2380 operae
1098 2293 1228 2380 pretium
1252 2301 1319 2376 erat

196 2411 372 2496 sanguinem
396 2435 449 2498 pro
471 2393 655 2499 reipublicae
678 2413 775 2478 salute
798 2389 964 2492 effundere;
993 2419 1067 2477 tuno
1090 2411 1190 2476 hostes
1214 2411 1313 2500 depel-

195 2529 274 2595 lendi
298 2537 383 2595 erant
389 2557 399 2611 3
422 2553 504 2596 nuno
526 2538 627 2597 autem
650 2532 736 2597 fratri
759 2541 862 2598 eontra
885 2532 1007 2598 fratrem
1029 2531 1240 2624 pugnandum:

855 2651 990 2717 Tantone
1013 2673 1161 2716 novorum

307 2770 459 2835 Proventu
485 2771 629 2835 scelerum
653 2771 801 2854 quaerlint
826 2777 892 2835 uter
914 2771 1040 2856 imperet
1062 2769 1153 2836 urbi?
1194 2843 1196 2849 ,

306 2889 367 2954 Vix
390 2889 467 2954 tanti
489 2890 589 2955 fuerat
612 2888 713 2954 civilia
736 2889 811 2954 bella
838 2911 955 2954 movere

305 3008 350 3072 Ut
373 3015 488 3074 neuter.
876 3035 879 3040 ·
1021 3001 1097 3094 (60)

241 3127 303 3192 Hie
337 3127 447 3212 aliquis
486 3128 530 3192 rei
569 3089 706 3214 publicae
745 3126 1001 3214 perturbationem
1036 3136 1199 3208 memorat,
1223 3151 1316 3214 quum

197 3247 312 3312 Marius
335 3255 405 3333 pust
426 3247 608 3312 Teutonicos
631 3253 663 3312 et
685 3247 816 3333 Libycos
835 3246 1002 3334 triumphos
1021 3247 1203 3329 exstitisset,
1221 3271 1317 3332 quum

196 3366 294 3448 Sulla,
329 3367 452 3432 fortuna
486 3365 590 3431 mobili
620 3375 650 3431 et
683 3365 782 3431 fallaci
806 3372 937 3446 mutata,
962 3365 1121 3438 inimicum
1146 3379 1317 3452 superaret,

198 3503 289 3571 quem
311 3509 391 3551 mors
413 3486 477 3572 ipsa
493 3509 580 3573 saepe
599 3486 725 3572 refugit,
750 3486 900 3572 cuiusque
919 3487 1076 3574 sanguinis
1095 3487 1187 3552 invisi
1206 3487 1319 3552 trustra

197 3612 331 3692 potestas
365 3605 445 3670 hosti
475 3627 614 3670 concessa
638 3611 694 3671 est.
741 3604 838 3670 Solvit
857 3604 978 3670 Marius
1002 3625 1157 3670 servorum
1180 3611 1317 3686 catenas,

198 3733 234 3792 ut
255 3727 389 3813 primum
409 3726 437 3790 ei
459 3732 530 3813 post
551 3725 657 3812 fugam
684 3725 807 3790 fortuna
836 3723 941 3789 rediit:
966 3724 1044 3789 nulli
1066 3725 1210 3812 gestanda
1233 3725 1319 3812 signa
1368 3729 1369 3732 ’

199 3846 286 3912 ducis
311 3845 477 3922 dabantur,
501 3845 560 3911 nisi
583 3845 638 3931 qui
662 3867 752 3910 usum
776 3844 924 3910 scelerum
947 3843 1009 3908 iam
1027 3844 1156 3926 fecerat,
1176 3851 1268 3931 atque
1288 3844 1321 3910 in

199 3973 294 4031 eastra
328 3964 454 4030 crimina
486 3972 517 4029 et
549 3965 633 4030 nefas
667 3962 833 4030 efferrebat.
880 3961 959 4044 Quis
992 3963 1053 4027 fuit
1084 3963 1133 4030 ille
1153 3965 1233 4044 dies,
1257 3987 1320 4052 quo

199 4085 317 4152 Marius
351 4085 447 4150 vietor
480 4083 608 4148 Romam
631 4082 774 4164 intravit,
812 4104 874 4168 quo
897 4081 1013 4168 ubique
1035 4104 1116 4147 mors
1140 4083 1249 4149 saeviit
1257 4059 1346 4166 ,et

200 4204 340 4271 nobilitas
363 4227 433 4269 eum
457 4203 541 4290 plebe
563 4203 668 4288 periitl
716 4203 783 4268 Stat
806 4223 905 4282 cruor,
929 4201 1074 4268 Lucanus
1096 4202 1217 4288 inquit:
