3296 5132
890 444 1018 508 48-

349 647 443 713 ternis
466 647 568 735 civilia
593 647 670 713 bella
692 671 807 734 gerens.
854 649 954 714 Varus
979 653 1148 717 Auximum
1172 653 1297 734 deserit,
1321 651 1471 718 Lentulus

351 791 417 835 arce
446 769 578 836 Asculea
608 769 777 856 depellitur.
823 768 974 835 Omnibus
1006 771 1102 836 victor
1131 772 1240 852 instat,
1265 773 1404 857 aciesque
1427 773 1470 837 di·

351 887 458 954 vertit:
487 889 570 953 solus
601 889 664 954 dux
694 911 730 954 ex
761 889 879 975 agmine
910 896 995 959 tanto
1026 891 1142 976 effugit.
1197 891 1298 978 Scipio
1330 915 1469 977 quoque,

350 1005 517 1088 Nuceriae,
546 1007 596 1071 cui
619 1007 807 1094 praepositus
830 1014 910 1089 erat,
935 1031 1032 1073 arcem
1057 1009 1114 1073 sibi
1138 1009 1328 1074 commissam
1351 1001 1469 1078 (leserit.

351 1127 467 1192 Lucius
496 1127 652 1193 Domitius
681 1128 919 1214 Ahenobarbus,
951 1129 1085 1194 Caesaris
1119 1130 1151 1194 in
1180 1129 1278 1194 Gallia
1302 1153 1469 1212 successor,

349 1270 419 1312 cum
450 1249 560 1336 viginti
592 1249 767 1315 cohortibus
796 1249 920 1315 Corfinii
951 1249 984 1313 iu
1017 1248 1165 1335 praesidio
1197 1258 1268 1316 1111.
1319 1250 1369 1316 Ad
1401 1249 1470 1313 ulti·

349 1390 429 1432 mam
470 1367 672 1433 defensionem
712 1368 810 1453 primo
851 1368 945 1448 vires,
990 1375 1141 1453 quantum
1175 1376 1293 1454 posset,
1328 1368 1469 1434 intendit.

260 1469 262 1472 ¹
349 1487 466 1552 Milites
492 1487 599 1573 perfidi
625 1487 795 1574 proditione
819 1487 1011 1574 excogitata
1035 1488 1172 1554 reseratis
1195 1488 1291 1574 portis
1317 1487 1470 1573 captivum

350 1606 459 1670 ducem
489 1607 608 1672 Caesari
638 1607 778 1688 tradunt,
809 1608 863 1695 qui
893 1607 1031 1673 Domitio
1063 1608 1277 1694 impunitatem
1309 1607 1377 1687 dat,
1405 1608 1469 1672 vin-

349 1725 479 1820 culaque
510 1727 661 1791 adstrictis
693 1727 801 1812 palmis
828 1726 956 1792 laxanda
987 1726 1083 1792 iubet.
1129 1706 1251 1813 ignosci
1274 1732 1375 1791 tamen
1397 1725 1470 1790 huic

348 1842 515 1912 eirtremum
544 1867 707 1932 poenarum
742 1853 805 1927 est,
828 1868 926 1932 quum
948 1851 1046 1948 partes
1069 1845 1204 1931 Pompeii
1228 1851 1258 1910 et
1282 1851 1404 1910 senatus
1426 1869 1469 1911 se·

347 1975 438 2034 cutus
463 1967 517 2047 sit,
538 1989 651 2032 munus
672 1965 808 2032 Caesaris
830 1966 945 2052 refugit
967 1972 997 2030 et
1021 1965 1059 2030 ad
1082 1964 1261 2050 Pompeium
1285 1987 1316 2028 11
1339 1965 1468 2044 confert,

348 2095 383 2152 ut
411 2088 548 2154 beneficii
578 2087 691 2153 oblitus
721 2107 775 2174 pro
803 2085 901 2173 patria
931 2091 1037 2151 contra
1065 2084 1241 2170 degenerem
1266 2084 1414 2156 victorem,
1434 2084 1469 2148 de

346 2207 484 2274 libertate
509 2207 642 2273 dimicet.

388 2326 566 2414 Pompeius,
598 2329 719 2392 nescius
749 2325 880 2391 Domitii
910 2325 1005 2412 capti,
1030 2323 1195 2388 exercitum
1218 2321 1359 2409 parabat,
1381 2323 1467 2388 cuius

347 2445 494 2512 militibus
528 2446 645 2511 animus
680 2445 717 2510 ad
752 2467 875 2532 magnas
904 2467 950 2509 111
982 2444 1125 2529 gerendas
1148 2443 1267 2523 deerat,
1292 2441 1408 2529 quique
1431 2464 1467 2505 ne

347 2566 482 2632 oratione
516 2565 637 2650 quidem
671 2563 733 2628 aori
766 2570 796 2629 et
824 2563 938 2646 fervida
969 2563 1055 2628 ducis
1078 2563 1201 2627 excitari
1225 2567 1351 2649 poterat.
1397 2562 1467 2643 Quo

348 2687 461 2752 factum
495 2691 529 2750 ut
563 2684 726 2770 Pompeius
758 2682 893 2768 (Lucano
917 2683 1022 2748 saltem
1046 2684 1134 2767 teste)
1160 2681 1319 2746 consilium
1341 2679 1467 2746 Corfinii

350 2805 505 2878 obsidione
528 2803 676 2869 liberandi
699 2802 836 2867 omittere
859 2801 988 2868 deberet.
1024 2801 1124 2866 Metus
1142 2801 1273 2864 militum
1294 2799 1387 2864 maior
1406 2807 1469 2864 erat

350 2948 440 3010 quam
475 2923 528 3009 qui
562 2923 695 3010 pericula
729 2921 847 2987 itineris
882 2923 1082 3008 susciperent:
1121 2919 1204 3015 nullo
1227 2919 1355 2984 clamore
1379 2919 1468 2982 verba

352 3043 438 3108 ducis
471 3051 647 3129 sequuntur.
705 3042 804 3106 Sensit
838 3047 868 3106 et
901 3042 964 3126 ipse
999 3047 1112 3105 metum
1146 3037 1295 3124 Magnus:
1330 3037 1469 3102 Lucanus

352 3162 452 3229 addit:
487 3163 601 3249 placuit
629 3163 714 3248 signa
736 3161 855 3242 referri,
879 3159 1135 3243 Brundisiumque
1159 3158 1223 3244 ipse
1245 3157 1339 3242 petit,
1374 3178 1468 3240 quum

351 3291 454 3350 autem
476 3282 571 3346 lilium
598 3281 740 3362 maiorem
764 3287 838 3345 natu
859 3280 983 3345 Sextum
1003 3279 1088 3343 iubet
1106 3299 1260 3357 ,sreoessus
1278 3275 1383 3342 mundi
1406 3282 1469 3338 ten·

352 3403 446 3469 tare.’'
494 3400 621 3467 Mandat
651 3401 741 3464 Sexto
769 3380 805 3462 ut
827 3398 967 3484 inprimis
990 3397 1125 3482 regiones
1147 3395 1185 3460 ad
1211 3394 1365 3459 Orientem
1388 3415 1469 3480 spec-

353 3528 451 3588 tantes
481 3524 587 3586 evocet
616 3541 651 3584 eo
675 3518 814 3599 oonsilio,
840 3523 875 3581 ut
898 3517 1005 3604 populi
1028 3515 1101 3579 olim
1124 3537 1142 3578 a
1164 3511 1309 3599 Pompeio
1333 3510 1468 3590 subacti,

353 3663 435 3708 nuuc
465 3663 519 3726 pro
553 3662 587 3705 eo
622 3661 704 3703 arma
738 3636 930 3723 suscipiant.¹
960 3636 998 3700 Iu
1028 3634 1186 3700 Graeciam
1209 3639 1240 3697 et
1261 3630 1471 3697 Macedoniam

354 3759 493 3826 consules
515 3759 642 3838 emittit,
667 3758 721 3844 qui
744 3779 838 3822 novas
862 3757 939 3822 vires
963 3755 1143 3840 acquirant.

364 3943 366 3946 ,
397 3878 505 3944 011111
536 3878 569 3942 in
599 3878 700 3942 omnia
728 3899 866 3964 praeceps
891 3875 988 3956 ,nihil
1010 3881 1114 3940 actum
1135 3879 1278 3959 reputans
1301 3895 1373 3936 cum
1396 3869 1471 3957 quid

355 4006 522 4087 superesset
561 3996 751 4085 agendum,'’
791 3995 894 4083 generi
935 3995 1062 4081 vestigia
1088 3993 1256 4080 premebat,
1280 3992 1472 4077 molibusque

355 4119 452 4186 undas
474 4117 667 4194 obstruebat,
691 4117 729 4182 ad
747 4117 830 4201 quod
848 4117 922 4181 litus
937 4115 1099 4202 Pompeius
1112 4113 1285 4179 facultatem
1297 4110 1472 4176 transeundi

358 4238 558 4328 exspectabat.
603 4237 704 4302 Vorax
726 4243 825 4302 tamen
841 4257 922 4301 mare
944 4233 1045 4300 omnia
1064 4256 1149 4314 saxa,
1168 4253 1246 4318 quae
1269 4230 1472 4312 immittebat,
