3296 5132
860 405 902 468 40

320 615 430 697 „Nihil
442 620 541 680 aetum
555 620 601 682 est
612 637 629 679 a
642 613 784 700 Pompeio
798 621 899 676 nostro
911 611 1073 713 sapienteqp
1098 612 1175 677 nihil
1195 613 1330 693 fortiter;
1355 612 1437 698 (nota

319 735 345 800 si
377 735 474 820 placet
510 734 616 800 vitium
652 733 737 798 cuius
761 732 820 797 sibi
843 731 1004 819 Pompeius
1027 731 1164 797 conscius
1188 754 1251 797 esse
1273 733 1435 818 peierati),

320 852 398 918 addc
446 853 536 919 etiam
587 851 662 917 nihil
709 849 768 915 nisi
816 857 920 915 contra
967 850 1126 915 consilium
1169 850 1438 935 auctoritatemque

318 993 440 1050 meam..
471 969 589 1036 Omitto
608 970 660 1035 illa
683 975 797 1049 vetera,
822 969 901 1054 quod
925 969 1015 1034 istum
1035 969 1068 1034 iu
1092 969 1246 1056 republica
1268 969 1320 1034 ille
1344 970 1436 1050 aluit,

321 1091 423 1171 auxit,
453 1090 598 1168 armavit;
628 1089 677 1155 ille
706 1087 824 1174 legibus
847 1111 899 1174 per
923 1088 982 1152 vim
1007 1094 1036 1152 et
1061 1096 1164 1153 contra
1181 1089 1320 1182 ‘auspicia
1344 1091 1437 1154 feren·

321 1209 368 1274 dis
389 1215 493 1274 auctor
500 1237 509 1290 3
543 1209 593 1274 ille
616 1207 729 1274 Galliae
752 1207 903 1272 ulterioris
927 1207 1101 1286 adiunctor;
1133 1207 1183 1273 ille
1206 1231 1311 1294 gener,
1335 1207 1384 1272 ille
1406 1209 1438 1272 in

319 1327 488 1415 adoptando
512 1329 547 1395 P.
572 1327 678 1393 Clodio
704 1349 814 1414 augur,
839 1326 889 1391 ille
912 1326 1091 1391 restituendi
1115 1327 1173 1391 mei
1187 1349 1277 1412 quam
1289 1326 1439 1392 retinendi

317 1446 498 1528 studiosior,
521 1446 569 1512 ille
591 1445 761 1534 provinciae
782 1453 959 1532 propagator
978 1448 1002 1531 1)
1013 1473 1022 1526 ;
1046 1444 1094 1509 ille
1108 1445 1239 1510 absentis
1252 1446 1283 1510 iu
1296 1446 1437 1511 omuibus

323 1565 459 1647 adiutor,
493 1565 573 1631 idem
596 1564 690 1630 etiam
714 1565 804 1630 tertio
829 1565 1002 1656 consulatu,
1033 1541 1190 1650 postquam
1216 1588 1278 1630 esse
1302 1565 1440 1630 defensor

318 1685 501 1772 reipublicae
535 1685 650 1772 eoepit,
686 1684 840 1750 contendit
876 1690 910 1748 ut
947 1683 1049 1752 decem
1073 1683 1186 1748 tribuni
1209 1683 1304 1771 plebis
1328 1685 1440 1750 ferrent

322 1812 358 1869 ut
379 1804 511 1870 absentis
534 1804 612 1868 ratio
636 1802 810 1883 haberetur,
836 1803 917 1888 quod
940 1802 1019 1867 idem
1043 1805 1105 1889 ipse
1124 1803 1440 1889 sanxitlegequadam

321 1946 375 1988 sua
397 1921 561 2007 Marcoque
586 1922 727 1987 Marcello
752 1922 865 1987 consuli
890 1921 1007 1986 finienti
1034 1921 1198 2007 provinciis
1211 1921 1317 1986 Galliis
1329 1923 1440 1987 Kalen·

318 2043 370 2108 das
394 2041 519 2106 Martias
543 2040 664 2106 restitit.
710 2041 769 2106 Sed
793 2049 827 2106 ut
845 2041 918 2106 haec
931 2042 1087 2122 omittam,
1112 2043 1186 2128 quid
1199 2041 1337 2118 foedius,
1362 2044 1436 2128 quid

318 2161 521 2248 perturbatius
544 2159 601 2224 boc
620 2160 662 2225 'ab
689 2159 760 2224 urbe
783 2160 914 2226 discessu
939 2161 1002 2224 sive
1020 2161 1123 2246 potius
1136 2161 1307 2246 turpissima
1319 2162 1392 2248 fuga
1401 2161 1439 2227 ?’'

367 2280 449 2345 Hoc¹
469 2287 605 2365 apertum
642 2279 731 2344 amici
761 2279 921 2361 iudicium,
958 2280 1081 2366 opinor,
1116 2279 1260 2366 Pompeio
1284 2281 1357 2345 satis
1380 2303 1442 2345 esse

321 2398 438 2486 potuit,
473 2420 543 2462 vera
578 2397 710 2462 amicitia
744 2398 884 2483 equidem
921 2398 1058 2484 dignius,
1094 2421 1183 2484 qnam
1214 2399 1298 2463 illam
1322 2399 1441 2464 inanem

323 2515 440 2582 Lucani
474 2515 697 2580 excusationem
731 2515 846 2598 habeo,
883 2541 942 2602 qua
976 2518 1039 2582 iore
1063 2526 1096 2582 ut
1121 2518 1207 2583 venia
1234 2519 1444 2606 impetraretur

324 2658 441 2722 sperare
476 2657 564 2700 ausus
599 2643 654 2700 est.
703 2637 843 2701 Amicum
878 2659 946 2702 eum
981 2636 1067 2701 vitiis
1101 2637 1256 2702 ferendum
1287 2660 1351 2702 esse
1383 2637 1443 2702 iarn

324 2755 468 2820 Horatius
491 2761 610 2841 poetam
633 2762 770 2820 nostrum
794 2755 900 2820 docere
922 2756 1071 2842 potunt).

365 2873 439 2938 Non
474 2880 591 2938 tantum
618 2875 713 2952 timor
747 2873 879 2939 Caesaris
910 2875 1181 2961 appropinquantis
1216 2875 1297 2940 cives
1333 2877 1439 2963 magis·

325 2999 480 3078 iratusque
503 3017 537 3061 ex
563 2993 634 3058 urbe
658 2993 810 3080 expulerat
817 3022 826 3075 3
850 2994 930 3059 haud
955 2994 1099 3059 minorem
1123 3001 1264 3060 terrorem
1288 3000 1442 3081 portenta,

323 3119 473 3192 monstra,
508 3112 645 3198 prodigia
668 3112 812 3177 Romanis
836 3112 1021 3194 inferebant,
1044 3114 1075 3203 in
1099 3114 1208 3199 quibus
1232 3117 1441 3180 enumerandis
1483 3201 1489 3212 ¹

325 3239 412 3318 poeta
442 3230 569 3315 quadam
604 3231 757 3317 voluptate
787 3238 934 3298 versatur.
981 3233 1089 3317 Neque
1115 3233 1257 3318 reliquiae
1281 3234 1442 3314 Livianae,

325 3373 421 3437 neque
443 3349 570 3432 Florus,
595 3374 690 3436 neque
714 3351 840 3417 Orosius
861 3374 963 3417 eorum
989 3352 1172 3417 mentionem
1197 3353 1325 3419 faciunt.
1354 3355 1443 3439 Apud

327 3471 439 3536 Iulium
452 3469 673 3556 Obsequentem
688 3471 816 3558 legimus
825 3494 858 3536 ea
871 3494 947 3556 quae
960 3472 1093 3537 exLivio
1105 3495 1173 3537 eum
1186 3471 1326 3537 sumsisse
1338 3479 1443 3538 notum

327 3598 382 3656 est.
426 3588 536 3675 Neque
570 3588 689 3654 Cassius
720 3589 778 3654 Dio
810 3591 1023 3676 praetermittit
1048 3594 1074 3677 ³)
1099 3593 1292 3674 στρατιώταις
1323 3616 1358 3656 τε
1381 3593 1442 3673 γὰρ

327 3711 462 3791 κερκυντὶ
491 3712 521 3776 ἐν
554 3712 637 3791 cirri
666 3711 707 3789 τῷ
735 3709 882 3791 πράττλῳ
908 3709 1069 3795 ἕφθετρτιν,
1104 3712 1154 3777 uxi
1188 3713 1230 3776 aab
1262 3723 1377 3792 σημεῖα
1401 3714 1442 3776 τὰ

318 3897 585 3907 -ι-

360 4015 380 4088 ¹)
398 4015 499 4088 Lagare
517 4014 636 4075 mallem:
655 4021 817 4092 prorogator.

359 4104 382 4173 ²)
400 4103 467 4160 Hor.
485 4102 540 4160 Sat.
558 4103 582 4162 I.
600 4105 625 4162 3.

359 4189 380 4261 ³)
398 4189 430 4246 B.
449 4189 478 4248 O.
498 4188 564 4247 xn1
582 4191 625 4250 14.
