3308 5138
737 397 798 459 113

205 608 433 686 confirmantur,
454 626 530 688 quae
546 601 651 667 Cicero
671 601 734 688 ipse
753 600 858 666 scribit
872 603 906 686 ¹):
921 600 994 680 „Me
1006 599 1126 665 conficit
1139 598 1324 680 sollicitudo,

204 747 241 789 ex
267 747 327 810 qua
348 724 439 789 etiam
458 743 574 788 summa
595 720 754 786 infirmitas
777 717 940 807 corporis.’'
983 719 1084 784 Etiam
1104 718 1164 784 Dio
1187 717 1283 784 obiter
1296 721 1321 805 2)

204 849 306 908 narrat
345 843 520 908 Ciceronem
553 839 734 926 Dyrrhachii
767 839 925 920 mansisse,
969 815 1050 904 unde
1083 844 1152 926 post
1187 859 1321 926 pugnam

203 960 408 1027 Pharsalicam
432 963 503 1048 (non
528 966 744 1041 παραχρῆμα,
775 965 811 1024 ut
833 957 893 1025 Dio
915 958 999 1042 vult,
1023 957 1075 1024 sed
1098 958 1269 1039 κατασχὼν
1294 957 1320 1022 δ’

204 1082 247 1154 εἷς
279 1080 451 1162 Βρεντέσιον
481 1079 533 1145 καὶ
558 1079 692 1144 ἐνταῦθα
717 1077 880 1160 διατρίβων
906 1078 1000 1164 [Plut.
1027 1077 1090 1146 Cic.
1115 1077 1170 1167 39]
1194 1077 1322 1144 Romam

202 1201 337 1268 revertit.
382 1199 443 1265 Ea·
466 1200 575 1286 igitur,
614 1221 690 1285 quae
723 1199 756 1263 in
788 1199 860 1268 Liv.
892 1198 1031 1266 Perioch.
1062 1177 1221 1264 narrantur
1251 1218 1323 1262 vera

203 1342 268 1385 esse
290 1324 424 1402 constat,
448 1318 529 1404 quod
551 1319 583 1385 in
602 1325 737 1385 nostrum
760 1325 879 1407 potitam
902 1319 1009 1385 melius
1030 1319 1175 1404 quadrare
1186 1318 1321 1384 videturr

203 1438 345 1504 libertate
386 1438 505 1524 politica
542 1437 655 1524 igitur,
692 1460 752 1504 non
786 1437 828 1504 ita
862 1438 972 1505 abusus
1009 1444 1071 1520 est,
1106 1444 1142 1503 ut
1179 1459 1248 1502 eum
1286 1458 1321 1501 ex

203 1557 305 1624 verbis
351 1557 533 1622 Scholiastae
574 1557 679 1622 fecisse
720 1557 954 1655 suspicaremur,
1009 1580 1104 1644 quum
1144 1555 1249 1622 Cicero
1290 1556 1322 1619 in

203 1675 331 1742 Graecia
349 1677 454 1742 saltem
475 1675 553 1742 rebis
574 1677 667 1764 gestis
691 1677 823 1744 adfuisse
845 1679 991 1745 videatur.

248 1795 350 1861 Facile
377 1795 575 1882 intelligimus
596 1795 771 1863 Ciceronem
794 1820 854 1864 non
878 1797 1009 1884 cupiisse
1030 1819 1149 1885 pugnae
1170 1796 1322 1864 interesse.

205 1915 277 1981 Non
305 1915 384 1980 enim
404 1921 467 1980 erat
491 1915 550 1997 „ad
569 1914 643 1981 bella
665 1915 786 1999 natus'’,
807 1924 842 1983 ut
860 1917 968 1983 Livius
984 1924 1065 1983 recte
1084 1917 1169 1985 dicit.
1212 1915 1323 2001 Neque

205 2035 233 2100 is
262 2040 325 2100 erat
356 2034 408 2120 qui
437 2035 469 2100 in
499 2035 555 2100 hoc
578 2035 750 2102 discrimine
771 2059 870 2103 rerum
892 2037 1009 2102 sortiter
1031 2037 1210 2104 sententiam
1233 2039 1322 2124 profi-

206 2160 336 2235 teretur,
361 2155 509 2240 quemad
532 2154 655 2220 modum
678 2177 745 2221 eum
767 2157 908 2222 Lucanus
931 2156 1036 2222 fecisse
1054 2161 1163 2223 narrat.
1188 2157 1322 2222 Maxima

208 2273 408 2360 trepidatione
449 2280 589 2340 eventum
631 2275 838 2364 exspectabat,
883 2299 983 2362 neque
1021 2275 1181 2343 discrimen
1221 2276 1322 2342 verbis

203 2393 265 2460 suis
313 2394 546 2462 acceleravissct.
605 2395 686 2476 „We
737 2419 768 2462 cr
811 2419 848 2462 nu
888 2394 1018 2462 handcln
1056 2396 1176 2477 schien,
1227 2419 1322 2462 waren

204 2513 253 2579 die
287 2513 401 2600 hhagen
432 2513 487 2579 auf
516 2513 565 2580 die
594 2537 624 2580 es
656 2515 782 2597 ankam,
817 2515 1011 2603 regelmtssig
1044 2515 1119 2581 eben
1153 2514 1319 2601 abgethan:

204 2634 280 2700 dicit
306 2629 477 2703 Mommsen
496 2637 537 2722 ³),
568 2635 653 2701 cuius
682 2641 783 2702 autem
802 2635 839 2701 de
862 2635 1005 2701 Cicerone
1026 2657 1087 2700 non
1109 2634 1208 2700 minus
1231 2657 1321 2720 quam

205 2753 242 2818 de
272 2753 414 2836 Caesare,
444 2778 573 2841 aequum
603 2755 750 2836 iudicium
778 2778 960 2844 magnopere
991 2753 1185 2821 desideratur.
1212 2752 1322 2836 Quod

206 2881 274 2940 ante
306 2876 405 2941 omnia
427 2877 477 2942 hic
496 2875 580 2944 locus
603 2877 787 2943 demonstrat
810 2876 862 2942 ubi
886 2875 933 2940 vir
955 2875 1069 2962 patriae
1092 2874 1197 2939 saltem
1220 2895 1323 2938 aman·

206 2994 342 3060 tissimus
365 2994 457 3062 fuisse
479 2995 603 3062 dicitur·
615 2997 686 3078 „ein
706 2996 876 3061 Staatsman
901 2993 980 3059 ohne
999 2993 1152 3075 Eineioht,
1176 2991 1321 3072 Aneicht,

206 3111 278 3178 oder
304 3112 450 3196 Abeicht,
479 3115 532 3180 der
553 3115 629 3180 nach
653 3115 793 3181 einander
815 3113 857 3180 als
880 3112 1055 3191 Democrat,
1079 3111 1121 3177 als
1140 3110 1322 3190 Aristocrat,

206 3231 271 3296 und
310 3231 354 3296 als
383 3232 554 3320 Werkueug
587 3233 638 3299 des
674 3233 859 3299 Monarohen
899 3233 1034 3320 figurirt,
1073 3231 1136 3297 und
1163 3231 1213 3298 nie
1240 3231 1325 3296 mehr

207 3373 342 3439 gewesen
371 3353 425 3435 ist,
457 3353 500 3418 als
534 3353 582 3419 cin
616 3353 834 3442 kurzsiohtiger
866 3351 1017 3439 hlgoirt.”)
1051 3350 1155 3416 Cicero
1185 3351 1324 3417 omnibus

206 3473 255 3538 his
284 3473 395 3559 asperis
422 3495 456 3538 ac
489 3471 626 3538 tristibus
655 3473 772 3554 verbis,
802 3494 868 3538 mea
891 3471 1012 3558 quidem
1036 3470 1184 3538 sententia
1203 3469 1325 3538 minime

208 3590 319 3680 dignus
337 3590 493 3658 habendus
519 3598 576 3660 est.
689 3581 690 3587 ἵ

197 3852 467 3866 m

241 4041 261 4118 ¹,
279 4042 399 4102 aare.
416 4039 465 4102 xr.
484 4045 509 4100 4.

242 4131 264 4288 l
281 4129 531 4275 tttttt·
