3308 5138
743 403 803 464 125

214 615 376 690 fruuntur,
408 610 460 674 ubi
490 615 590 673 autem
614 612 730 671 montes
757 605 916 671 conscendi
939 629 1014 694 opus
1037 613 1082 672 est
1105 607 1216 673 debiles
1241 614 1328 690 sunt,

214 754 312 816 neque
336 739 415 793 certo
437 751 507 793 arcu
531 731 673 792 utuntur.
719 725 825 806 Quid?
848 747 948 791 nonne
967 749 1029 791 sors
1050 727 1153 792 uxoris
1176 728 1330 794 Corneliae

213 851 251 916 ad
263 848 412 914 eiusmodi
424 847 531 912 foedus
543 844 761 932 repudiandum
773 843 901 909 incitat?
919 843 1050 910 Barbara
1057 844 1160 910 Venus
1171 846 1259 911 nobis
1270 869 1331 912 non

212 970 327 1056 ignota,
345 990 397 1054 per
409 989 501 1052 quam
519 965 662 1052 plurimas
683 987 790 1029 uxores
803 964 910 1028 ducere
925 963 1034 1029 marito
1050 987 1223 1030 eoncessum
1235 973 1280 1032 est
1293 967 1329 1053 1).

258 1087 376 1152 Foedus
411 1086 487 1151 inire
521 1107 592 1150 cum
626 1083 747 1151 Parthis
780 1083 916 1148 Romano
946 1081 1107 1170 indignum
1138 1106 1219 1165 esse,
1243 1105 1330 1148 nemo

211 1229 274 1271 non
297 1206 382 1270 facile
406 1205 530 1271 videbit.
577 1204 625 1269 Ad
647 1203 774 1268 Parthos
797 1208 846 1267 eat
868 1202 895 1266 is
918 1203 972 1288 qui
996 1203 1070 1268 vicit
1078 1254 1087 1284 ,
1111 1201 1230 1268 Caesar.
1252 1202 1329 1267 Tau·

213 1334 280 1391 tum
304 1326 397 1406 abest,
422 1330 458 1389 ut
480 1325 581 1390 hostes
604 1324 717 1410 patriae
736 1321 884 1388 Lentulus
908 1322 1005 1388 socios
1021 1322 1104 1388 reddi
1120 1324 1269 1408 patiatur,
1294 1328 1330 1386 nt

212 1445 375 1510 exclamet:

720 1561 802 1627 Gens
825 1561 916 1627 unica
939 1561 1049 1640 mundi¹
1066 1567 1126 1640 est,
1212 1627 1215 1632 .

303 1682 349 1747 De
373 1703 432 1768 qna
455 1680 589 1746 Caesaris
612 1680 723 1768 possim
747 1679 877 1768 gaudere
900 1681 1076 1769 triumphis!
1113 1683 1201 1768 (430)

231 1787 235 1793 ⁵
260 1803 417 1888 Aegyptus
440 1800 591 1865 meliorem
614 1800 798 1865 occasionem
820 1799 982 1887 praebebit.
1013 1800 1205 1866 Ptolemaeus
1227 1800 1330 1889 Lagus

212 1927 381 2014 screptrum
415 1920 507 1986 habet
540 1919 654 2006 Magno
681 1919 740 2006 ipsi
775 1919 921 1985 debitum.
967 1919 1124 1984 Innocnus
1147 1926 1192 1984 est
1213 1925 1334 2007 propter

210 2041 393 2127 pueritiam3
428 2039 518 2106 fidem
552 2038 734 2126 praestabit,
767 2039 900 2105 noudum
923 2039 1069 2104 diuturno
1092 2061 1185 2126 regno
1213 2039 1338 2106 fidelem.

213 2183 280 2224 esse
304 2158 479 2226 dedidicit.”
591 2197 594 2205 ·

259 2279 318 2343 His
349 2279 447 2344 verbis
468 2277 616 2344 sententia
645 2277 752 2364 Magni
775 2277 856 2344 victa
885 2285 940 2346 est.
986 2280 1150 2366 Synedram
1173 2278 1333 2365 linquunt,

213 2399 347 2464 navibus
382 2398 481 2486 Cypro
505 2397 662 2463 arcessitis.
686 2393 814 2463 'Parum
841 2397 940 2464 abluit
969 2399 1045 2486 quin
1069 2399 1172 2464 classis
1201 2398 1335 2465 Pharum

213 2524 419 2606 praetervecta
453 2496 546 2598 esset,
579 2517 622 2582 ita
648 2522 682 2583 ut
717 2520 849 2606 Aegypti
880 2519 982 2585 littora
1004 2543 1065 2586 non
1087 2519 1257 2608 tetigisset,
1281 2521 1335 2587 ubi

214 2659 319 2702 necem
336 2637 393 2702 sibi
412 2643 547 2724 paratam
565 2643 738 2725 reperturus
757 2645 834 2704 esset
849 2641 1022 2728 Pompeius.
1057 2639 1217 2728 Comperto
1235 2664 1335 2730 regern

214 2757 249 2822 in
273 2764 375 2823 moute
397 2757 500 2823 Cassio
523 2781 554 2822 se
577 2764 677 2823 tenere
700 2781 735 2823 eo
758 2759 861 2824 statim
880 2759 938 2826 iter
960 2759 1064 2826 flectit.

262 2877 366 2942 Aulioi
393 2877 526 2942 adventu
559 2877 697 2964 Pompeii
732 2878 855 2964 cognito
889 2877 963 2964 quid
997 2877 1055 2943 sibi
1088 2878 1259 2944 faciendum
1294 2879 1335 2944 sit

215 2997 390 3062 deliberant.
438 2997 614 3062 Anchoreus
641 3019 748 3077 senex,
772 3019 884 3060 memor
908 2997 1140 3063 necessitudinis
1174 3014 1255 3083 quae
1286 2997 1335 3063 de·

215 3117 324 3182 functo
363 3116 441 3203 patri
483 3139 551 3182 cnm
594 3116 739 3203 Pompeio
774 3115 1005 3197 intercessisset,
1050 3118 1115 3204 regi
1156 3117 1261 3182 suadet
1301 3123 1336 3182 ut

215 3237 394 3325 Pompeium
429 3237 558 3322 benigne
592 3242 622 3300 et
656 3236 780 3301 comiter
811 3235 949 3320 accipiat.
991 3235 1161 3304 Eunuchus
1182 3258 1253 3304 vero
1276 3236 1334 3302 Po·

215 3357 322 3422 thinus
355 3355 443 3443 plane
477 3355 624 3420 contraria
658 3363 768 3422 monet.
815 3355 891 3432 Hie,
927 3356 981 3441 qui
1011 3356 1101 3423 hodie
1128 3358 1229 3424 fautor
1251 3357 1334 3424 Mae·

217 3475 451 3541 chiavellistieae
471 3473 660 3562 ¹prudentiae
694 3497 813 3540 summo
847 3472 914 3540 iur'a
948 3477 1164 3563 appellaretur,
1195 3479 1333 3545 homines

216 3594 379 3682 fugiendos
402 3617 465 3660 esse
491 3617 591 3682 regern
611 3594 714 3676 docet,
738 3619 813 3681 quos
832 3596 967 3662 Fortuna
984 3597 1049 3684 ipsa
1068 3597 1215 3664 afflixerit.
1239 3597 1332 3681 Dein,

217 3715 289 3781 aula
312 3722 413 3792 exeat,
437 3714 491 3800 qui
514 3715 584 3801 pius
608 3737 671 3780 esse
693 3715 769 3783 vult.
815 3717 923 3782 Virtus
950 3739 1020 3784 cnm
1043 3739 1161 3783 summa
1186 3724 1335 3806 potestate

217 3857 279 3902 non
302 3834 378 3900 coit:
404 3855 521 3921 semper
532 3834 558 3898 is
581 3839 714 3916 metuat,
733 3857 825 3921 quem
849 3835 990 3903 saevitiae
1011 3835 1148 3925 pudebit.
1171 3835 1335 3927 Pompeius

208 4065 418 4078 ——————-——

251 4204 272 4276 1)
290 4202 427 4260 Praeclare
439 4203 472 4260 ad
486 4204 642 4279 Pompeium
652 4205 760 4276 dictum,
772 4208 818 4282 qni
828 4208 977 4267 Corneliam
989 4213 1091 4270 sextam
1099 4230 1207 4272 uxorem
1217 4213 1339 4273 duxeratl
