3296 5132
744 429 785 492 31

210 641 340 704 m'axima
350 638 509 704 sedulitate
519 636 601 701 Livii
610 633 822 699 auctoritatem
834 640 954 698 secutos
966 656 1030 698 esse
1038 639 1155 698 constat
1164 636 1188 719 ¹)
1201 635 1325 720 eiusque

209 780 292 844 opus·
307 755 514 840 descripsisse,
541 753 628 818 nobis
651 759 769 839 praesto
789 759 876 826 suut,
900 751 979 816 uude
998 753 1207 818 auctoritatem
1225 752 1326 819 Livia·

193 899 279 962 snam
308 876 339 940 in
362 875 486 940 Lucano
509 871 703 938 diiudicando
727 871 911 956 colligamus.
959 869 1137 957 Saepissime
1163 871 1243 936 enim
1266 872 1326 937 fere

211 995 284 1081 ipsis
308 994 406 1059 verbis
428 993 535 1058 Florus
559 1013 626 1056 cum
651 990 749 1054 Dione
771 989 876 1054 Cassio
900 989 1056 1075 congruit,
1080 1011 1178 1075 neque
1200 989 1289 1076 longe
1311 1013 1329 1054 a

212 1113 337 1178 veritate
371 1111 544 1176 coniectura
577 1108 735 1173 abhorrere
766 1107 903 1182 videtur,
941 1108 995 1173 hos
1028 1109 1109 1175 Flori
1142 1108 1225 1175 locos
1261 1131 1328 1175 cum

211 1231 319 1296 Diouis
357 1236 571 1314 congruentes,
613 1227 690 1292 nihil
724 1249 787 1292 esse
819 1227 880 1290 nisi
914 1227 996 1291 Livii
1026 1227 1121 1313 ipsius
1151 1227 1327 1314 fragmenta.

211 1349 349 1434 Exempli
383 1348 481 1435 gratia
515 1347 655 1413 reseram:
691 1345 749 1410 IV.
774 1349 805 1411 2.
829 1349 888 1425 21,
919 1345 974 1410 ubi
1010 1369 1104 1433 paene
1131 1345 1238 1412 iisdem
1266 1371 1328 1414 ver·

212 1468 258 1533 bis
295 1467 405 1553 quibus
434 1466 495 1530 Dio
530 1464 605 1530 XLI
643 1467 700 1542 rt,
734 1463 839 1528 Florus
878 1470 978 1528 narrat
1015 1465 1161 1530 aerarium
1195 1468 1329 1534 sanctius

213 1611 230 1652 a
252 1587 375 1652 Cessare
397 1585 549 1650 effractum
573 1605 653 1662 esse3
677 1581 733 1649 IV.
758 1588 788 1648 2.
814 1586 865 1660 25,
891 1582 942 1648 ubi
964 1582 1165 1648 Massilienses
1187 1585 1261 1651 urbe
1281 1609 1329 1654 ex·

213 1715 344 1793 pugnata
367 1704 505 1769 omnibus
524 1702 610 1768 rebus
629 1703 749 1789 spoliati
773 1703 874 1767 omnia
895 1702 1044 1768 amississe
1066 1710 1225 1769 narrantur
1243 1727 1326 1792 prac-

215 1833 260 1890 ter
282 1825 460 1890 libertatem.
505 1821 619 1887 Eadem
643 1821 703 1886 Dio
729 1821 836 1886 iisdem
860 1821 962 1886 verbis
985 1822 1144 1908 descripsit
1160 1825 1196 1908 ²).

258 1943 348 2025 Quod
370 1943 510 2008 Lucanus
533 1940 629 2028 igitur
650 1963 875 2026 nonnumquam
899 1964 969 2006 cum
992 1941 1094 2007 Dione
1116 1942 1271 2029 congruit,
1295 1951 1331 2008 ut

215 2070 315 2149 postea
352 2062 470 2148 saepius
504 2061 690 2140 videbimus,
725 2083 779 2146 pro
812 2059 926 2124 indicio
957 2065 1015 2140 est,
1047 2082 1118 2124 eum
1146 2083 1215 2126 eum
1242 2061 1331 2126 Livio

216 2202 336 2264 quoque
359 2180 547 2266 congruisse:
579 2177 738 2243 verisimile
761 2178 841 2242 enim
863 2200 926 2242 esse
947 2177 1077 2242 Dionem
1100 2177 1189 2244 Livio
1211 2187 1332 2246 auctore

216 2322 305 2364 usum
340 2321 419 2379 esse,
449 2298 598 2362 Wilmane
627 2296 841 2361 demonstravit
864 2295 1067 2382 exemplisque
1089 2296 1239 2383 probavit.
1283 2300 1334 2364 In·

216 2418 333 2485 terdum
365 2441 435 2484 vero
464 2418 621 2483 Lucanum
651 2425 802 2481 auctorem
832 2416 923 2481 fuisse
949 2415 1037 2481 Floro
1060 2423 1151 2501 atque
1179 2417 1285 2483 Orosio
1308 2421 1333 2504 ³)

219 2537 402 2617 videbimus,
444 2559 462 2601 a
496 2535 606 2620 quibus
648 2542 766 2622 po'e'tam
809 2533 942 2600 studiose
976 2534 1088 2600 lectum
1122 2557 1220 2620 neque
1253 2545 1334 2602 recto

220 2681 334 2744 semper
363 2657 476 2722 iudicio
499 2655 670 2721 adhibitum
693 2656 785 2720 fuisse
808 2655 974 2720 Meiuertus
994 2655 1222 2722 demonstravit.
1246 2655 1334 2738 Quod

218 2779 317 2865 ipsum
341 2799 396 2841 suo
418 2775 483 2840 loco
511 2775 643 2839 indicare
665 2774 753 2839 nobis
778 2775 809 2837 in
834 2775 933 2838 animo
957 2780 1003 2838 cst
1017 2775 1055 2858 ⁴).

262 2896 413 2978 Quoniam
447 2893 580 2958 vidimus
614 2892 765 2977 quomodo
798 2900 885 2977 potita
915 2915 1019 2956 causas
1048 2891 1117 2957 belli
1145 2893 1244 2958 civilis
1267 2916 1332 2958 cur·

217 3037 344 3100 sumque
366 3036 464 3080 rerum
491 3011 695 3099 descripserit,
717 3011 790 3074 libet
813 3032 911 3074 rerum
937 3011 1002 3075 eius
1025 3011 1241 3097 expositionem
1265 3035 1333 3077 cunr

195 3135 277 3200 ude
299 3134 442 3199 historica
465 3153 657 3219 componere,
682 3138 716 3196 ut
740 3137 887 3215 quatenus
913 3152 1033 3194 cursum
1059 3153 1158 3195 rerum
1184 3140 1334 3217 gesturum

218 3253 360 3320 Lucanus
392 3251 520 3318 fideliter
550 3256 673 3316 secutus
706 3249 747 3314 sit
775 3248 941 3316 videamus.
985 3250 1058 3315 Nou
1090 3249 1171 3315 idem
1199 3273 1217 3315 a
1246 3240 1335 3336 potita

209 3471 478 3485 ——n—-u-n—

250 3623 271 3694 1)
291 3619 414 3678 Orosium
431 3636 484 3676 non
501 3616 559 3694 ipso
576 3617 656 3677 Livio
674 3637 753 3677 usum
775 3637 844 3687 esse,
873 3614 919 3675 aed
936 3616 1056 3694 epitome,
1073 3613 1187 3691 quedam
1205 3614 1341 3692 deperdita

215 3712 243 3765 et
262 3706 343 3780 (quod
363 3705 472 3762 maximi
489 3705 616 3763 momenti
637 3709 702 3778 est),
727 3705 817 3762 eadem
835 3704 941 3778 quidem
957 3704 1071 3778 epitome
1089 3721 1122 3760 ex
1136 3721 1189 3778 qua
1202 3705 1340 3778 periochae

215 3795 372 3868 superstites
389 3796 528 3867 excerptae
544 3793 599 3849 siut
617 3793 811 3865 Zeugemeister
828 3795 919 3849 monet
937 3795 990 3865 (pg.
1008 3787 1107 3862 XXV).

250 3885 270 3951 ²)
289 3883 392 3940 Confer.
420 3879 491 3938 Flor.
518 3880 573 3938 III.
598 3882 642 3938 11.
666 3883 691 3937 4.
713 3897 772 3936 cum
796 3879 884 3935 Dione
905 3877 955 3935 Xh
974 3878 1017 3934 16.
1035 3876 1106 3935 Flor.
1124 3877 1175 3936 IV.
1193 3877 1218 3936 9.
1236 3879 1263 3938 7.
1280 3897 1340 3936 eum

215 3970 303 4028 Dione
320 3969 421 4028 xm
439 3971 482 4026 20.
499 3967 571 4026 Flor.
589 3968 640 4026 1v.
658 3970 684 4025 2.
702 3969 744 4023 29.
762 3985 823 4024 cum
843 3965 930 4023 Dione
944 3963 1027 4022 XLII
1045 3965 1089 4022 40.
1106 3963 1179 4022 uror.
1197 3965 1247 4023 IV.
1259 3966 1302 4024 11.
1315 3967 1341 4022 6.

215 4075 276 4114 enm
293 4056 381 4113 Dione
398 4054 499 4114 XLIX.
517 4055 560 4110 29.

250 4145 273 4213 ³)
291 4142 361 4198 Vide
377 4159 420 4215 pg.
438 4141 472 4198 33
490 4140 519 4196 in
535 4143 626 4198 annot.

251 4232 272 4300 4)
291 4229 395 4285 Confer.
414 4229 431 4282 J
434 4227 492 4283 ahu.
512 4225 562 4282 Ed.
580 4226 652 4283 Flor.
670 4226 756 4282 Praei.
773 4245 818 4300 pg.
837 4228 880 4286 40.
