3296 5132
887 400 930 462 44

343 608 427 676 vium
457 612 572 674 tautam
601 607 710 687 fuisse,
743 611 778 670 ut
809 604 890 672 Livii
922 628 998 693 opus
1028 605 1059 670 in
1086 604 1171 670 illius
1197 604 1283 670 libris
1312 613 1465 672 serratum

344 750 409 793 esse
443 726 651 793 existimemus
676 729 711 812 ¹).
757 723 816 790 Sed
851 723 1023 812 Appianum
1057 729 1088 790 et
1121 723 1243 789 Florum
1265 731 1296 790 et
1322 724 1466 791 Orosium

338 847 499 934 diligenter
520 846 631 933 legenti
654 843 808 912 dubitatio
831 867 892 908 non
911 843 995 910 subit
1025 849 1123 909 tresne
1135 843 1180 908 illi
1193 849 1331 910 auctores
1342 844 1465 910 Livium

342 975 411 1032 ente
434 965 538 1031 oculos
562 964 722 1032 habuerint
745 986 847 1030 necne.
893 964 986 1029 Recte
1009 962 1090 1027 enim
1116 962 1234 1050 Wynne
1253 963 1374 1030 dubitat
1393 988 1466 1031 num

340 1084 462 1150 Florum
493 1083 650 1170 Appianas
679 1082 744 1170 ipse
773 1082 806 1147 in
835 1088 935 1169 partes
962 1081 1130 1161 vocaverit3
1155 1104 1208 1146 cur
1230 1082 1310 1149 enim
1333 1082 1465 1148 rivulum

340 1203 512 1269 derivatum
544 1224 672 1288 eumque
705 1201 825 1288 saepius
856 1200 1013 1267 turbatum
1044 1201 1181 1282 adiisset,
1206 1224 1300 1288 quum
1323 1225 1361 1268 ex
1383 1203 1467 1271 fonto

342 1321 471 1409 limpido
494 1322 613 1388 haurire
637 1322 665 1386 ei
688 1321 814 1387 liceret?

387 1440 525 1526 Denique
555 1441 697 1506 Lucanus
728 1463 885 1526 personam
918 1461 955 1504 ex
984 1439 1112 1504 historia
1134 1445 1254 1521 notam,
1279 1440 1465 1528 astrologum

342 1559 489 1646 Figulum·
523 1559 652 1627 inducit.
697 1559 825 1624 Publius
858 1557 1005 1646 Nigidius
1039 1559 1165 1646 Figulus
1200 1560 1246 1625 vir
1275 1560 1400 1642 doctus,
1435 1569 1467 1628 et

340 1679 464 1758 nobilis,
505 1702 540 1744 eo
574 1686 709 1766 tempore
739 1701 846 1765 magna
880 1679 1057 1744 auctoritate
1090 1678 1262 1760 fruebatur,
1298 1687 1389 1765 atque
1428 1705 1467 1748 ex

342 1798 425 1864 omni
458 1821 564 1885 genere
599 1798 752 1864 doctrinae
786 1804 817 1863 et
851 1797 1060 1884 philosophiae
1094 1798 1275 1885 theologiam
1301 1799 1466 1883 conflabat,

342 1941 431 2018 quam
463 1925 632 1997 cocturam,
663 1924 699 1983 ut
727 1918 770 1983 ita
802 1918 915 1999 dicam,
947 1918 1136 2004 Pythagorae
1165 1919 1286 1984 nomine
1309 1919 1465 2002 adhibito,

299 2046 302 2052 '
345 2037 522 2123 aequalibus
549 2036 729 2124 apponebat.
774 2037 883 2122 Neque
905 2036 1065 2101 infeliciter
1086 2037 1166 2123 piam
1179 2037 1312 2130 fraudem
1325 2040 1467 2127 molieba-

342 2164 405 2238 tur,
441 2179 532 2242 quam
566 2156 604 2221 ad
639 2156 762 2221 modum
796 2156 875 2242 patri
910 2155 1056 2243 principis
1086 2157 1221 2243 Augusti
1249 2157 1381 2224 futurem
1409 2159 1467 2225 filii

343 2255 583 2362 magnitudinem
618 2274 799 2340 vaticinatus
830 2282 886 2341 est.
931 2274 981 2340 Sio
1008 2298 1085 2340 nova
1116 2276 1269 2364 theologia
1287 2301 1347 2343 non
1367 2280 1467 2346 solum

344 2393 436 2474 mira,
468 2393 520 2460 sed
547 2393 638 2459 etiam
666 2393 794 2458 mirifica
822 2400 902 2460 erat:
932 2417 991 2480 qua
1013 2395 1130 2460 ratione
1153 2396 1211 2462 sihi
1235 2397 1360 2484 Figulus
1384 2399 1467 2465 viros

345 2511 571 2578 honestissimos
594 2518 684 2596 atque
708 2511 933 2592 nobilissimos,
957 2514 1003 2598 (ut
1027 2514 1160 2601 Appium
1180 2515 1340 2582 Claudium
1359 2541 1466 2585 cousu-

344 2634 421 2713 lem;
463 2631 671 2698 doctissimum
709 2629 882 2717 Varronem)
921 2631 1120 2699 devinciebat.
1181 2633 1279 2700 Paene
1321 2636 1465 2704 dixerim:

345 2751 425 2818 idem
448 2749 538 2816 hodie
590 2749 671 2836 apud
712 2755 861 2815 nostrates
895 2761 989 2836 ‘saepe
1030 2751 1094 2842 fieri
1124 2752 1198 2818 solet
1206 2781 1214 2833 ;
1254 2777 1323 2818 nam
1354 2756 1466 2821 nostris

346 2891 466 2958 quoque
490 2845 691 2955 temporibus,
717 2890 811 2952 quum
831 2891 913 2934 meus
932 2869 1070 2934 omnibus
1089 2870 1187 2936 modis
1204 2873 1358 2940 excolatur
1375 2880 1466 2960 atque

345 3014 362 3056 a
385 2989 600 3076 superstitione
619 2987 797 3054 eruditionis
819 2987 970 3054 beneficiis
993 2989 1184 3072 defendatur,
1220 2993 1343 3079 plurimi
1366 3001 1466 3062 tamen

344 3108 539 3174 inveniuntur
570 3107 708 3194 homines
730 3106 798 3192 qui,
830 3107 872 3172 dii
898 3107 1034 3174 meliorat
1064 3109 1201 3175 ridiculis
1222 3111 1339 3177 artibus
1363 3137 1467 3180 manes

343 3249 467 3294 evocare
491 3233 656 3316 conentur,
682 3249 818 3312 quosque
842 3226 987 3314 prodigiis
1010 3200 1128 3293 eredere
1151 3252 1211 3295 nou
1234 3231 1354 3316 pudeat.

389 3347 515 3435 Figulus
531 3347 581 3412 ille
600 3354 752 3432 tamquam
767 3347 813 3410 vir
826 3369 951 3434 magnae
963 3349 1152 3414 auctoritatis
1165 3373 1182 3414 o
1194 3358 1281 3436 poblo
1293 3351 1466 3435 inducitur,

346 3469 401 3555 qui
424 3468 537 3534 malum
560 3467 674 3532 Rornrm
686 3467 846 3532 imminens
859 3467 1011 3554 praedicat
1024 3469 1172 3554 finemque
1184 3470 1363 3537 instantium
1377 3473 1467 3538 malo·

343 3610 412 3652 rum
436 3588 635 3654 vaticinetur:
662 3588 746 3667 „Pax
769 3609 837 3652 cum
860 3587 983 3652 domino
1008 3587 1146 3669 veniet'’,
1170 3612 1259 3675 quam
1283 3598 1386 3676 poetae
1402 3593 1468 3678 opi-

347 3707 467 3772 nionem
491 3708 541 3772 hio
565 3707 660 3794 primo
683 3707 911 3793 cognoscimus,
933 3712 1037 3792 postea
1061 3713 1160 3772 autem
1187 3709 1274 3774 semel
1298 3719 1388 3795 atque
1412 3710 1467 3776 ite·

347 3847 414 3892 rum
437 3826 634 3892 inveniemus.

382 4197 400 4266 ¹)
419 4192 495 4253 cont.
514 4193 634 4265 Wijnne,
654 4211 697 4268 pg.
717 4195 759 4252 38.
