3296 5132
725 442 766 506 65

180 649 402 730 communicat,
426 670 529 734 equo
550 647 633 713 Livii
654 649 866 714 auctoritatem
893 650 1053 716 Lucanum
1075 655 1213 716 secutum
1235 671 1299 716 esse

180 769 373 856 colligamus,
406 791 443 834 er
472 767 716 834 commentatoris
747 767 943 834 annotatione
971 769 1096 836 Livium
1126 769 1233 836 saltem
1264 768 1301 833 de

180 890 226 953 his
247 890 339 956 rebus
361 887 515 976 scripsisse
537 892 669 973 apparet.
714 885 824 952 Florus
846 893 939 973 atque
963 887 1091 955 Orosius
1114 888 1211 954 obiter
1232 893 1299 953 tan·

179 1017 243 1074 tum
266 1009 450 1074 mentionem
473 1006 624 1072 missionis
646 1005 773 1072 Ourioni
796 1008 953 1074 mandatae
975 1009 1102 1078 fuciunt.

222 1129 336 1195 Omnes
369 1127 523 1210 historici,
559 1107 676 1214 practer
708 1127 867 1193 Caesarem
897 1128 1017 1216 ipsum,
1049 1130 1104 1215 qui
1127 1130 1165 1196 ob
1187 1130 1299 1194 iustam

179 1271 300 1315 causam
323 1248 400 1314 hanc
423 1268 485 1313 rem
504 1245 625 1312 silentio
636 1248 864 1332 praetermittit,
888 1271 959 1314 cum
978 1248 1102 1315 Lucano
1124 1254 1299 1336 congruunt

180 1371 210 1434 in
237 1369 277 1434 iis
306 1369 477 1450 narrandis,
502 1389 581 1453 quae
602 1365 716 1433 Romae
738 1368 819 1434 facta
842 1375 925 1436 sunt.
970 1367 1078 1435 Caesar
1100 1369 1227 1434 Romam
1250 1367 1301 1433 ad-

180 1494 315 1574 spexerat
345 1511 361 1553 e
388 1488 452 1568 vis,
477 1509 539 1572 qua
562 1486 700 1552 consules
723 1487 868 1552 Kalendis
891 1487 1042 1553 Ianuariis
1063 1486 1160 1552 Feriis
1181 1485 1300 1553 Latinis
1392 1478 1395 1484 ’

183 1607 290 1674 Albam
321 1606 589 1694 proficiscebantur
620 1611 656 1671 ut
686 1627 770 1670 sacra
797 1606 948 1688 facerent3
973 1606 1025 1672 sed
1048 1605 1212 1671 adventum
1234 1605 1301 1671 eius

181 1734 298 1792 tantum
322 1725 463 1790 timorem
485 1724 633 1806 movisse,
658 1731 808 1810 quantum
831 1725 977 1791 Lucanus
1000 1731 1119 1792 motum
1131 1748 1196 1791 esse
1208 1724 1301 1802 dicit,

183 1845 363 1912 testimoniis
396 1843 486 1910 certis
520 1845 729 1911 confirmatum
759 1865 821 1911 non
851 1845 1034 1915 invenimus.
1077 1844 1167 1911 Unus
1196 1843 1301 1909 Cicero

183 1965 265 2030 testis
296 1971 341 2030 est
371 1963 405 2028 in
426 1962 525 2050 Epist.
548 1963 586 2028 sd
609 1943 676 2030 Att'.
700 1965 741 2030 X.
764 1969 803 2046 4,
835 1965 992 2032 Caesarem
1022 1967 1124 2032 ardere
1147 1965 1248 2030 furore
1271 1969 1302 2028 et
1330 2005 1333 2010 ,

182 2084 305 2164 scelere,
340 2105 440 2168 neque
462 2081 632 2169 quidquam
653 2083 822 2164 remittere,
849 2085 957 2150 sedin
980 2086 1059 2152 diem
1084 2086 1299 2172 ingravescere.

182 2202 361 2282 Curionem,
381 2201 520 2288 deinceps
533 2209 634 2268 narrat
645 2202 768 2284 Cicero,
790 2203 849 2270 sibi
861 2205 1018 2271 nuntiasse
1029 2201 1301 2289 Caesarem,plane

183 2322 338 2387 iracundia
363 2321 493 2404 elatum,
512 2322 671 2388 Metellum
695 2321 855 2389 tribunum
877 2323 972 2411 plebis
995 2324 1129 2390 occidere
1152 2321 1301 2388 voluisse:

184 2419 305 2530 propius
324 2442 402 2507 nihil
420 2443 535 2508 factum
559 2464 639 2508 esse:
665 2444 785 2530 (parum
800 2444 882 2510 enim
893 2443 1025 2510 abfuisse
1037 2442 1113 2530 quin
1124 2442 1268 2508 Metellus
1286 2463 1303 2506 a

185 2563 306 2630 Caesare
324 2562 525 2644 occideretur,
550 2584 647 2648 quum
667 2564 773 2629 aerarii
785 2564 862 2629 fores
874 2565 1066 2651 complexus,
1090 2561 1172 2628 hunc
1184 2561 1302 2649 ingredi

186 2685 321 2769 vetaret).
366 2681 463 2748 Addit
495 2680 600 2747 Cicero
634 2681 747 2747 multos
780 2682 948 2748 hortatores
971 2683 1071 2752 caedis
1093 2706 1172 2765 esse,
1203 2683 1304 2769 ipsum

184 2800 337 2868 Caesarem
365 2806 465 2867 autem
490 2823 553 2867 non
575 2800 734 2867 voluntate
756 2807 812 2867 aut
833 2808 942 2867 natura
964 2825 1027 2868 non
1046 2825 1111 2868 esse
1133 2802 1301 2883 crudelem,

184 2920 233 2986 scd
263 2922 346 3007 quod
368 2895 688 3008 putaret'popularem
713 2943 778 2987 esse
801 2921 1004 2988 elementiam.
1049 2920 1138 2986 Unde
1161 2922 1301 3008 sequitur

184 3040 342 3106 Lucanum
371 3047 436 3106 toto
467 3040 551 3107 coelo
582 3063 695 3122 errare,
730 3041 786 3106 ubi
819 3040 894 3106 dicit
928 3041 1063 3128 „gaudet
1096 3040 1204 3107 Caesar
1240 3063 1303 3107 esse

183 3161 285 3226 timori
304 3168 368 3226 tam
390 3183 500 3249 magno
526 3161 663 3249 populis,
688 3167 719 3226 et
742 3183 773 3226 se
796 3182 857 3226 non
880 3161 983 3226 mallet
1006 3159 1131 3228 amari.’'
1176 3160 1300 3241 Cottae,

185 3281 342 3346 Metellum
364 3281 572 3368 compellentis
590 3280 733 3346 desistere
755 3278 887 3346 nimium
909 3280 1016 3346 audaci
1039 3285 1162 3368 coepto,
1186 3280 1300 3346 mentio

185 3423 244 3466 non
280 3401 317 3466 fit
348 3396 429 3488 apud
458 3400 653 3466 historiarum
692 3400 859 3488 scriptores.
917 3399 1084 3466 Scholiasta
1117 3401 1199 3466 hunc
1232 3401 1301 3466 Cot·

184 3526 244 3586 tam
277 3509 393 3586 Metelli
421 3520 566 3607 collegam
606 3541 669 3586 esse
702 3501 817 3585 indicat
841 3521 877 3607 ¹).
921 3520 1060 3586 Fortasse
1093 3519 1129 3587 1.
1159 3521 1302 3587 Aurelius

185 3639 291 3720 Cotta,
313 3645 433 3728 praetor
461 3639 532 3705 anni
566 3637 787 3707 DOLXXXIV
815 3639 856 3708 U.
887 3637 922 3705 Ο.
954 3639 1007 3724 (70
1039 3662 1066 3706 a.
1090 3639 1124 3707 C.
1148 3640 1192 3724 n.)
1228 3640 1302 3706 dici·

185 3766 251 3842 tur,
285 3759 312 3826 is
353 3760 408 3846 qui
444 3759 541 3847 legem
574 3758 656 3826 iham
690 3758 848 3828 Aureliam
889 3757 1078 3826 iudiciariam
1116 3759 1233 3848 rogasit
1264 3763 1302 3852 ⁹).

190 3994 394 4007 *ιιι-ιι-

218 4153 238 4225 ¹)
256 4152 344 4212 Schol.
361 4151 440 4210 Bern.
459 4151 515 4211 111.
533 4152 594 4211 143.

217 4240 237 4312 ²)
254 4242 350 4302 Areon.
368 4241 396 4300 in
414 4241 469 4301 Pis.
486 4257 531 4315 pg.
548 4238 684 4298 1601011.
