3296 5132
747 420 787 482 dl

208 628 314 713 thago,
340 650 417 712 quaa
440 627 619 712 Philippus,
644 647 722 710 quae
745 627 886 708 Perseus,
911 650 989 713 quae
1012 630 1103 695 Asiae
1122 630 1252 717 denique
1271 656 1324 721 po·

205 746 271 832 puli
296 745 367 810 olim
392 745 552 825 miserant,
575 751 649 830 tnnc
672 751 856 831 egeruntur,

286 865 512 951 Pauperiorque
536 865 596 929 luit
619 871 693 930 tunc
716 866 850 952 primum
872 865 996 932 Caesare
1018 867 1125 933 Roma.
1151 869 1240 954 (168)

205 986 327 1067 Quibus
357 985 484 1050 narratis
517 985 661 1051 Lucanus
690 985 743 1066 ad,
781 985 962 1072 Pompeium
992 987 1083 1067 redit,
1110 987 1199 1052 cuius
1224 988 1325 1074 copias

204 1111 348 1170 recenset.
404 1103 531 1170 Graecia
573 1127 711 1192 maguam
750 1111 867 1192 partem
901 1105 1035 1186 tribuite
1060 1106 1196 1172 Athenas
1219 1131 1324 1193 quam·

203 1247 294 1309 quam
328 1224 462 1290 delectus
495 1231 617 1312 rogatus
652 1231 732 1304 erat,
768 1232 847 1290 totas
877 1225 1035 1305 exhausit,
1060 1233 1180 1313 tresque
1202 1234 1323 1294 tantum

203 1343 320 1408 canuae
357 1343 475 1408 navalia
505 1343 700 1430 relinquunt,
730 1367 808 1440 quaa
846 1344 998 1410 Salamiua
1026 1351 1146 1432 petant,
1180 1345 1323 1433 indignae

202 1463 324 1526 nomine
349 1462 515 1548 praeclaro,
539 1469 586 1527 tot
608 1464 719 1550 pugnis
746 1463 904 1529 navalibus
925 1468 1021 1550 parto.
1067 1462 1179 1528 Omnes
1201 1441 1256 1550 pro
1280 1465 1323 1529 vi-

202 1580 286 1645 ribus
321 1604 409 1668 opem
435 1583 547 1648 lerunt.
592 1583 702 1669 Neque
733 1582 903 1664 Thessalia,
934 1605 1034 1668 neque
1064 1582 1192 1648 Boeotia
1221 1583 1323 1666 deest,

202 1701 286 1765 adest
317 1699 526 1794 {cardamate
557 1700 662 1783 Creta;
696 1703 824 1769 Troiana
847 1704 992 1770 iuventus
1014 1710 1111 1769 castra
1138 1702 1322 1792 Pompeiana

201 1822 294 1906 petit,
308 1843 407 1906 neque
419 1822 522 1887 fabula
534 1822 571 1887 da
582 1823 697 1909 origiue
708 1821 1041 1889 Caesaris·eosretiuere
1052 1829 1162 1910 potest.
1177 1826 1202 1909 1)
1223 1823 1321 1909 Tyrus
1419 1799 1421 1804 .

202 1941 313 2022 Sidon,
342 1941 527 2023 Damascus3
554 1941 733 2028 Aethiopia,
757 1941 879 2023 Cilicia,
910 1941 1098 2029 Cappadocia
1119 1941 1230 2008 milites
1253 1941 1321 2006 mit·

202 2065 289 2137 tunt,
314 2082 418 2125 omnes
437 2060 571 2126 Orientis
591 2062 720 2148 populos
743 2062 822 2127 fama
844 2061 916 2127 belli
939 2061 1069 2126 excitat:

311 2181 470 2267 Acciperet
493 2181 564 2246 felix
587 2204 624 2246 ne
646 2205 708 2246 nou
732 2181 824 2247 semel
847 2181 948 2247 omnia
971 2180 1124 2261 Caesar,-

313 2300 505 2367 Vincendum
527 2302 639 2389 pariter
662 2302 814 2368 Pharsalia
836 2301 988 2389 praestitit
1011 2301 1113 2367 orbem
1139 2301 1241 2387 (297).

202 2418 308 2485 Caesar
327 2421 456 2507 Alpibus
478 2422 589 2486 iterum
618 2422 766 2508 superatis
788 2421 953 2486 Massiliam
976 2423 1070 2508 petit,
1095 2433 1172 2505 quae
1195 2419 1319 2500 civitas,

202 2562 297 2622 quum
332 2539 385 2604 alii
414 2542 520 2628 populi
554 2546 664 2606 terrore
697 2547 854 2627 paverent,
889 2539 1072 2607 Graecorum
1105 2540 1226 2607 levitate
1260 2563 1321 2606 non

202 2681 271 2740 usa,
306 2682 413 2725 causas
446 2669 477 2726 et
511 2661 629 2748 signata
655 2661 722 2726 iura
751 2683 844 2746 quam
874 2660 937 2726 fata
960 2660 1047 2746 sequi
1069 2637 1188 2726 maluit.
1233 2659 1320 2724 Men·

201 2786 260 2844 tem
291 2788 321 2844 et
349 2781 483 2845 furorem
511 2779 645 2845 Caesaris
672 2781 796 2868 pacifico
824 2802 958 2846 sermone
980 2780 1135 2845 deflectere
1158 2791 1320 2846 conantur:

200 2898 224 2961 si
256 2899 353 2963 victor
381 2899 495 2964 bellum
526 2899 644 2964 excludi
673 2899 773 2981 aierit,
804 2899 930 2965 libenter
954 2921 1022 2964 eum
1054 2898 1148 2964 muris
1171 2900 1319 2987 recepturi

200 3023 281 3082 sunt.
317 3018 417 3082 Locus
451 3017 570 3082 Caesari
601 3027 631 3083 et
653 3019 799 3106 Pompeio
819 3025 907 3084 tutus
925 3020 981 3099 sit,
1005 3041 1066 3105 quo
1094 3018 1222 3083 inermes
1244 3017 1319 3084 bello

199 3137 335 3202 conlecto
358 3139 490 3204 veniant.
536 3139 595 3203 Pro
620 3138 756 3204 libertate
779 3147 880 3205 autem
903 3142 982 3207 cives
1009 3140 1197 3206 ohsidionem
1227 3139 1319 3204 susti·

200 3277 267 3322 nera
301 3279 361 3322 uon
394 3265 511 3344 parant.
556 3257 751 3343 Quamquam
774 3258 881 3325 Caesar
904 3260 1042 3326 cohortes
1064 3259 1196 3346 gaudere
1218 3259 1318 3338 iubet,

200 3377 282 3460 quod
312 3385 445 3464 potestas
473 3378 624 3444 Massiliae
648 3379 790 3447 delendae
813 3380 851 3444 iis
873 3379 971 3445 oblata
993 3380 1049 3461 sit,
1077 3380 1148 3446 urbs
1169 3402 1223 3466 pro
1247 3402 1319 3467 pace

198 3495 292 3581 petita
325 3519 436 3582 poenas
465 3497 559 3563 dabit.
605 3496 808 3563 Massilienses
838 3497 951 3564 interea
973 3505 1075 3585 portas
1098 3498 1268 3565 clauserant
1289 3506 1320 3564 et

199 3612 307 3680 Caesar
336 3615 501 3680 obsidionis
524 3615 728 3682 nobilissimae
754 3617 878 3682 initium
902 3618 985 3686 facit.
1015 3618 1103 3700 Dux,
1134 3625 1172 3684 ut
1194 3617 1317 3698 urbem,

228 3870 250 3940 ¹)
267 3868 331 3925 Non
356 3885 423 3940 opus
449 3869 490 3922 est
516 3869 623 3940 putare,
646 3871 718 3923 recte
745 3867 902 3924 Creisenach
933 3869 1022 3942 (quem
1048 3868 1101 3925 iam
1125 3887 1207 3943 supra
1224 3887 1268 3944 pg.
1287 3871 1321 3926 54

194 3955 405 4026 memoravimus)
423 3953 565 4021 iudicasse,
583 3953 630 4009 ubi
651 3951 728 4010 docet
754 3957 809 4028 (pg.
828 3955 872 4027 30)
900 3953 950 4011 hoc
977 3955 1036 4029 ipso
1063 3973 1142 4012 versu
1166 3957 1238 4024 213⁰,
1261 3960 1321 4029 pob-

194 4045 248 4098 tam
265 4041 394 4115 originem
413 4041 503 4098 Juliae
523 4041 611 4114 gentis
631 4039 779 4098 abAenaea
790 4039 910 4109 ductam,
930 4042 1036 4098 Caesari
1054 4040 1183 4116 denegare
1193 4041 1322 4102 'voluisa

195 4130 277 4200 Quam
314 4129 487 4196 senteutiam,
527 4127 610 4184 nimia
646 4125 764 4200 argutia,
801 4128 843 4184 his
881 4127 969 4186 verbis
1007 4128 1114 4187 subesse
1153 4129 1196 4186 vir
1229 4129 1323 4187 doctus

193 4213 277 4274 linxit.
