3296 5132
720 410 761 474 4⁷

643 615 702 678 Sed
726 615 794 684 ideo
817 637 864 679 me
886 615 985 680 milite
1008 616 1108 680 vineat

289 737 339 800 Ne
362 736 418 800 sibi
443 758 474 800 se
501 735 606 799 vicisse
630 741 728 820 putet.

177 855 299 936 Quibus
330 854 428 919 verbis
458 853 534 917 Cato
564 851 752 938 propositum
784 860 956 934 assecutus,
981 854 1071 918 Bruti
1095 854 1229 922 animum
1252 875 1298 918 ae-

178 973 281 1037 cendit
301 974 336 1038 in
358 973 489 1037 nimium
512 972 609 1036 civilis
632 970 704 1036 belli
728 971 879 1039 ardorum.

222 1091 341 1156 Deinde
375 1098 494 1178 potitam
527 1089 674 1154 Marciam
708 1089 846 1170 inducit,
882 1097 971 1156 antea
1002 1091 1126 1156 Catonis
1157 1114 1298 1172 uxorem,

178 1233 271 1296 quam
313 1233 368 1274 sua
412 1217 518 1298 sponte
553 1209 652 1274 amico
692 1209 854 1278 Hortensio
893 1218 1031 1276 cesserat.
1089 1210 1203 1276 Mareia
1238 1211 1297 1276 iam
1327 1189 1330 1196 .

178 1353 315 1395 moerens
356 1345 452 1394 morte
493 1329 595 1394 mariti
633 1352 663 1394 se
698 1305 822 1394 denium
857 1327 981 1394 Catonis
1013 1329 1144 1410 confert,
1180 1339 1298 1418 precata

178 1461 215 1515 ut
249 1451 355 1516 loedus
389 1449 479 1535 prisci
514 1449 573 1513 tori
607 1470 751 1514 renovare
784 1449 878 1521 velit:
917 1449 992 1529 „da,
1022 1449 1143 1535 inquit,
1177 1455 1299 1516 tantum

177 1573 267 1635 inane
290 1569 435 1634 connubii
462 1589 587 1633 nomen:
611 1567 700 1633 liceat
723 1569 844 1636 tumulo
868 1568 1037 1654 scripsisse:
1069 1568 1194 1635 Catonis
1217 1569 1297 1634 Mar·

178 1691 235 1756 cia.
281 1689 327 1754 Da
351 1689 427 1754 mihi
450 1695 504 1752 tua
527 1694 623 1752 castra
647 1687 732 1773 sequi
738 1716 748 1769 ;
772 1710 827 1754 cur
850 1709 956 1752 secura
979 1687 1011 1752 in
1033 1710 1106 1774 pace
1128 1687 1297 1774 relinquar,

178 1833 277 1896 quum
299 1810 427 1874 maritus
449 1830 536 1874 meus
559 1831 614 1895 pro
638 1809 751 1894 patriae
773 1807 912 1874 libertate
933 1805 1166 1894 periclitaturl'’
1190 1806 1298 1872 Preces

178 1929 323 1994 Catonem
346 1936 484 1994 movent:
519 1929 698 2014 iunguntur’
714 1926 818 2013 taciti,
844 1927 999 2006 „contenti
1022 1926 1146 2013 auspice
1169 1924 1297 1993 Bruto.''

179 2050 240 2113 Hic
257 2056 302 2114 est
324 2049 410 2114 locus
433 2070 532 2133 neque
554 2047 686 2112 laetitiae
706 2069 806 2131 neque
823 2043 1037 2133 gratulationi:
1057 2068 1155 2131 neque
1172 2045 1297 2113 horrens

179 2151 321 2234 caesaries
340 2191 439 2254 neque
459 2175 574 2233 moesta
592 2166 684 2232 barba
696 2167 844 2254 gaudium
856 2165 1033 2234 admittunt.
1060 2165 1204 2230 Lucanus
1216 2165 1296 2230 enim

179 2297 279 2352 narrat
312 2288 471 2368 Catonem,
507 2294 542 2352 ut
571 2287 705 2373 primum
735 2287 823 2352 civile
845 2285 961 2352 bellum
984 2285 1057 2352 oriri
1082 2285 1296 2361 intellexisset,

177 2430 299 2494 passum
333 2430 397 2472 esse
426 2409 562 2472 intonsos
586 2403 682 2473 crines
704 2407 737 2471 in
759 2407 889 2472 frontem
915 2405 1093 2472 descendere
1115 2405 1299 2491 barbamque

178 2527 357 2612 promisisse.

223 2647 320 2710 Versu
357 2649 419 2711 392
455 2653 542 2732 poeta
578 2646 616 2711 ad
651 2645 807 2711 historiam
840 2646 936 2732 ipsam
972 2645 1141 2712 revertitur.
1186 2644 1299 2710 Narrat

180 2765 355 2852 Pompeium
390 2767 534 2848 *tenuisse
580 2766 697 2831 moenia
742 2764 888 2830 Dardanii
932 2764 1049 2842 coloni,
1095 2763 1210 2850 (Capyn
1252 2765 1297 2830 in·

180 2886 320 2972 telligit),
354 2884 503 2970 Capuam,
540 2907 599 2969 qna
633 2907 670 2949 ex
704 2884 773 2949 belli
807 2884 876 2947 sede
918 2883 1033 2947 hostem
1068 2882 1295 2969 aggrederetur:

180 3003 289 3069 Caesar
319 3013 436 3084 autem,
472 3006 503 3068 iu
530 3026 613 3068 arma
636 3004 736 3068 lurens
759 3002 871 3066 dieitur
893 3001 1040 3088 gaudere,
1065 3022 1096 3065 se
1119 3001 1215 3065 nullas
1240 3001 1298 3066 uisi

180 3124 325 3210 sauguine
356 3125 423 3190 fuso
454 3124 519 3188 aias
542 3122 659 3188 habere.
705 3121 817 3187 Saevus
839 3121 872 3184 in
895 3143 981 3206 agros
1008 3143 1117 3185 vacuos
1141 3121 1297 3208 irrumpit,

180 3241 315 3328 bellaque
338 3243 423 3309 bellis
445 3249 581 3308 conserta
603 3241 690 3328 gerit.
724 3240 798 3304 Non
820 3247 883 3304 tam
906 3247 1042 3326 patentes
1065 3246 1165 3326 portas
1187 3239 1300 3306 intrare

181 3384 270 3447 quam
304 3361 459 3448 effringere
492 3362 585 3426 iuvat.
631 3358 779 3424 Concessa
802 3359 853 3423 via
876 3359 920 3423 ire
942 3358 1052 3454 pudet:
1078 3358 1154 3423 ferro
1177 3358 1302 3445 ignique

180 3503 268 3566 agros
291 3487 406 3545 vastare
429 3480 458 3545 ei
480 3479 632 3566 voluptati
655 3486 710 3544 est.
757 3477 874 3560 Quodsi
897 3477 940 3542 ita
963 3485 1055 3558 esset,
1086 3477 1166 3542 haud
1191 3477 1299 3544 mirum

181 3599 335 3665 Caesarem
369 3622 441 3665 aura
474 3601 612 3688 populari
645 3623 705 3670 non
738 3599 815 3679 frui,
853 3597 1059 3685 populumque
1090 3599 1123 3663 in
1152 3597 1299 3684 Magnum

181 3721 351 3805 proniorem
385 3743 457 3785 esse.
503 3719 610 3785 Terror
644 3724 744 3783 autem
778 3717 867 3782 facile
908 3723 1023 3782 mentes
1060 3717 1172 3783 flectit:
1208 3715 1298 3782 Etru·

182 3839 256 3902 riam
289 3839 435 3904 nudatam
467 3839 594 3905 Libonis
620 3837 778 3928 praelecti!
801 3837 890 3923 luga,
920 3843 1074 3922 acceperat
1112 3843 1231 3924 praetor
1257 3837 1298 3918 Q.

181 3957 336 4024 Minucius
362 3959 525 4039 Thermus,
560 3959 614 4043 qui
640 3967 740 4022 tamen
762 3955 892 4021 Curione
915 3956 1173 4042 appropinquante
1195 3957 1228 4022 in
1250 3956 1265 4022 f
1286 3993 1298 4008 ·

182 4099 250 4162 gam
279 4101 311 4142 se
341 4077 434 4144 dedit.
480 4077 560 4142 Item
588 4077 717 4142 Faustus
757 4075 842 4141 Sulla
875 4076 1009 4142 Caesaris
1038 4076 1162 4142 nomine
1191 4077 1296 4144 audito

183 4218 296 4262 sacram
324 4196 473 4262 libertatis
503 4219 621 4262 oausam
655 4196 789 4276 destitit,
813 4197 1051 4282 haudquaquam
1074 4198 1218 4285 auspiciis
1247 4221 1298 4286 pa·
