3296 5132
724 413 763 476 21

187 619 322 684 servatu'’
363 619 499 685 videmus
531 618 681 685 Neronem
716 621 831 686 Lucani
864 621 1042 708 scriptorum
1077 623 1205 690 lectione
1238 647 1299 692 non

187 739 375 805 interdixisse
396 762 492 826 neque
513 762 566 826 per
588 739 720 830 edictum
739 738 828 805 libros
847 741 912 805 cius
932 764 947 806 e
966 740 1153 808 bibliothecis
1172 743 1302 830 publicis

186 859 343 924 amovisse.
388 858 438 923 Ad
457 858 529 924 hacc
548 857 636 922 verba
659 858 808 936 εἰρωνείας
827 860 930 946 plena:
956 861 1055 939 pluma
1067 861 1219 943 servata’',
1243 863 1301 928 fur·

185 983 262 1042 tasse
279 976 429 1041 Iuvenalis
447 997 569 1062 quoque
585 977 673 1042 verba
690 984 841 1064 spectant:
866 985 1047 1058 “contentus
1070 979 1180 1048 fama'’.
1225 982 1299 1048 Pro-

183 1096 262 1160 iecto
284 1093 372 1160 nobis
394 1095 503 1160 mirum
526 1095 620 1161 videri
644 1096 732 1162 debet
754 1096 905 1162 Neronem
924 1097 979 1162 hac
998 1097 1177 1164 liberalitate
1197 1100 1301 1166 adver·

183 1235 234 1277 sus
269 1214 421 1278 aemulum
456 1220 487 1279 et
526 1214 732 1281 coniuratione
774 1216 891 1280 detecta
920 1216 1111 1281 manifestum
1141 1217 1301 1284 inimicum

150 1385 152 1390 ,
184 1353 322 1416 quoque,
356 1354 443 1396 usum
479 1355 560 1399 esse:
595 1357 693 1420 neque
728 1334 819 1400 ullam
855 1357 974 1399 causam
1005 1335 1096 1400 huius
1126 1337 1300 1402 clementiae

182 1451 350 1536 excogitare
378 1475 536 1539 possumus
566 1453 626 1518 nisi
650 1453 731 1538 quod
753 1453 890 1540 princeps
913 1476 948 1518 eo
971 1455 1031 1518 iam
1054 1460 1188 1541 tempore
1210 1455 1301 1519 nimis

181 1578 345 1658 occupatus
369 1571 548 1657 quaerendis
571 1578 601 1636 et
625 1572 800 1659 detegendis
824 1571 1083 1638 coniurationibus
1107 1573 1185 1654 init,
1210 1596 1300 1660 quam

182 1697 217 1755 nt
250 1691 399 1756 eiusmodi
430 1691 556 1778 ineptiis
580 1692 715 1757 animum
746 1693 898 1757 attendere
920 1698 1030 1778 posset.
1076 1691 1218 1757 Lucanus
1243 1692 1301 1757 sibi

181 1810 239 1898 ipsi
270 1811 527 1876 immortalitatem
554 1810 739 1877 vaticinatus
759 1819 819 1877 est:
842 1811 1016 1891 „Pharsalia
1037 1818 1153 1892 nostra,
1182 1811 1298 1896 inquit,

180 1929 263 1995 rivet
278 1929 343 2015 1)”;
375 1953 471 2015 neque
507 1930 550 1994 ila
588 1930 684 1995 multo
714 1937 782 2017 post
817 1935 956 2016 poe'mata
985 1929 1050 1994 eins
1079 1929 1299 2010 recitabantur,

180 2048 292 2134 quibus
309 2049 444 2136 legendis
462 2049 551 2114 ctiam
564 2049 596 2113 in
607 2049 687 2115 ludis
699 2048 837 2136 magistri
850 2047 1012 2135 discipulos
1026 2047 1143 2113 erudire
1154 2048 1298 2115 solebant.

222 2165 334 2234 Utrum
356 2167 498 2233 Lucanus
521 2165 773 2232 immortalitatem
799 2167 939 2234 meruerit
959 2190 1051 2232 necne
1073 2167 1123 2232 hic
1141 2168 1296 2233 decernere

179 2288 326 2353 nolumus.
372 2287 410 2352 In
437 2287 501 2374 ipso
535 2293 672 2374 poemate
695 2287 854 2353 tranlando
882 2287 1008 2352 facultas
1033 2287 1206 2374 opinionem
1229 2308 1296 2372 pro·

178 2406 291 2472 ferendi
322 2405 439 2472 abunde
467 2429 499 2471 se
528 2405 692 2492 praebebit.
737 2406 828 2472 Varie
860 2405 1043 2470 diiudicatus
1074 2412 1128 2474 est.
1174 2407 1293 2472 Iustum

176 2526 269 2613 igilur
307 2533 353 2590 est
383 2526 418 2590 τὸ
452 2524 559 2602 ὁμοίως
590 2526 712 2606 ἀμφοῖν
743 2525 974 2606 ἀκροάσασθαι,
998 2529 1087 2590 τοῦτο
1110 2525 1236 2591 δ’ἐστὶν
1262 2529 1294 2592 οὐ

176 2643 264 2722 μόνον
312 2645 352 2726 τὸΙ
392 2644 436 2721 μὴ
480 2644 768 2724 προκατεγνωκέναι
807 2643 921 2721 μηδὲν,
961 2643 1049 2707 ἀλλὰ
1085 2643 1138 2708 aul
1172 2645 1207 2710 τὸ
1240 2647 1294 2720 τὴν

175 2764 292 2829 advorsa
325 2763 392 2838 ἵσκν
426 2764 591 2828 ἀποδοῦναι
608 2765 644 2848 ²).
689 2761 845 2828 Ambobus
878 2762 980 2848 itaque
1013 2762 1147 2849 pertibus
1170 2764 1294 2830 'auditis

174 2882 236 2946 utri
259 2883 394 2968 opinioni
419 2883 519 2948 fuvere
542 2905 597 2947 nos
620 2886 758 2968 oporteat
781 2882 927 2961 sciemus,
951 2903 989 2946 ne
1010 2880 1116 2946 leviter
1138 2888 1168 2946 et
1180 2889 1291 2948 temere

174 3001 352 3066 sententiam
376 3001 452 3066 ferre
473 3000 641 3080 videamur,
672 2999 734 3066 sive
758 3000 802 3065 ira
825 3008 856 3065 et
878 2999 980 3065 studio
1003 3000 1088 3065 ducti
1111 3000 1175 3066 sive
1196 3002 1292 3088 gloria

173 3119 238 3184 eius
261 3119 420 3185 occaecati.

203 3360 223 3429 ν)
241 3358 335 3414 ruam.
353 3355 395 3413 rx
412 3359 473 3414 oso.

203 3452 225 3522 ²)
244 3450 321 3506 Dem.
339 3452 398 3521 περὶ
419 3450 470 3505 τοῦ
491 3445 632 3518 στεφάνου
650 3469 694 3524 pg.
710 3453 761 3506 225
776 3451 809 3507 R.
827 3449 873 3506 ubi
882 3470 929 3524 pro
948 3445 1131 3520 r'rupcclrcrlac
1150 3450 1292 3521 legendnm

165 3545 358 3616 εἰκρνιίσεσθκν,
380 3547 443 3620 quia
459 3548 488 3603 in
505 3545 674 3602 iurisiurandi
692 3544 806 3603 formula
823 3545 913 3601 tuturo
931 3563 1032 3619 semper
1050 3547 1202 3618 usurpatur.
