3296 5132
855 427 896 492 ⁷0

356 639 403 706 De
433 638 568 705 Massilia
590 637 708 704 obsessa
731 636 791 702 Dio
814 657 873 701 non
898 634 983 701 valde
1006 634 1144 722 copiosus
1167 639 1222 701 est.
1267 635 1335 700 Nec
1359 635 1430 700 Plu·

312 759 449 840 tarchus,
471 781 569 846 neque
591 757 747 845 Appianus
770 757 834 822 eius
857 754 1022 820 obsidionis
1043 755 1226 821 mentionem
1249 755 1333 822 facit.
1364 755 1428 820 Sta·

311 879 367 944 tim
393 884 511 958 autem,
535 877 561 941 si
584 877 712 942 Dionem
735 874 911 962 diligentius
935 873 1091 961 inspicias,
1117 875 1272 962 apparebit
1296 876 1344 961 (ut
1370 875 1429 941 ianr

313 1020 403 1085 supra
430 995 634 1081 monuimus),
661 995 792 1060 Diouem
817 993 939 1060 Livium
967 1000 1036 1060 ante
1058 994 1158 1060 oculos
1181 993 1334 1081 babuisse,
1359 997 1428 1083 qui,

312 1122 347 1181 ut
369 1137 407 1180 ex
428 1114 573 1181 Periocha
596 1112 653 1180 ΟΧ
675 1113 827 1194 ridemus,
851 1113 980 1179 eundem
999 1112 1135 1180 ordinem
1157 1115 1303 1195 servavit,
1327 1115 1429 1180 eadem

311 1237 420 1303 refers.
464 1235 522 1302 Sed
544 1257 638 1321 quum
664 1233 770 1300 Dionis
789 1233 920 1299 narratio
941 1235 1077 1299 exomni
1100 1241 1184 1321 parte
1204 1257 1272 1300 cum
1294 1234 1430 1300 Caesaris

313 1359 473 1442 congruat,
496 1376 558 1420 non
580 1353 670 1420 nimis
692 1353 790 1419 audax
813 1353 984 1420 coniectura
1004 1353 1142 1432 videtur,
1162 1355 1290 1422 Dionem
1309 1361 1340 1421 et
1358 1355 1430 1422 an-

311 1474 386 1541 saris
411 1473 648 1542 Commentarios
671 1479 739 1539 ante
762 1473 864 1539 oculos
886 1473 1025 1539 habuisse
1051 1473 1207 1540 Lucanum
1232 1497 1351 1560 quoque
1372 1475 1431 1541 hoc

310 1593 418 1660 fecisse
451 1591 613 1659 verisimile
646 1597 709 1671 est,
740 1591 811 1657 licet
840 1615 877 1658 ex
904 1591 1064 1658 manifesto
1092 1615 1252 1675 consensu,
1277 1593 1330 1680 qui
1352 1594 1431 1660 inter

309 1713 468 1780 Liuianum
493 1711 669 1779 Periocham
691 1715 721 1776 et
743 1712 899 1778 Lucanum
923 1711 1100 1793 intercedit,
1123 1711 1268 1800 suspicari
1289 1712 1380 1779 liceat
1402 1714 1430 1780 ei

308 1831 390 1899 Livii
413 1853 536 1918 quoque
558 1853 633 1918 opus
655 1831 688 1896 in
715 1831 852 1896 manibus
874 1830 976 1898 fuisse.
1019 1917 1021 1922 ,

352 1953 452 2035 Quem
486 1951 524 2016 ad
554 1949 677 2016 modum
711 1950 772 2016 iam
801 1971 891 2038 supra
922 1950 1071 2031 vidimus,
1108 1953 1248 2018 Lucanus
1276 1975 1427 2039 expugna·

307 2072 422 2138 tionem
455 2069 610 2137 Massiliae
645 2094 704 2136 nou
741 2077 963 2137 commemorat.
1009 2071 1100 2154 Quod
1130 2072 1156 2136 si
1179 2071 1321 2152 fecisset,
1347 2071 1428 2159 apud

308 2214 378 2258 cum
413 2191 538 2256 fortasse
571 2190 754 2277 legeremus,
799 2191 881 2276 quod
914 2189 1068 2257 Caesarem
1104 2213 1223 2256 narrare
1264 2191 1428 2277 neglexisse

307 2309 439 2376 Dionem
458 2314 560 2374 autem
584 2309 672 2374 nobis
691 2309 851 2376 tradidisse
872 2309 1021 2390 vidimus,
1046 2309 1126 2374 cives
1142 2308 1293 2375 Massiliae
1305 2317 1428 2397 excepta

307 2429 460 2510 libertate,
496 2428 635 2495 omnibus
669 2428 761 2495 rebus
795 2429 929 2516 privatos
953 2451 1025 2495 esse.
1072 2429 1196 2494 Orosius
1217 2429 1314 2510 enim,
1350 2431 1429 2517 quod

307 2547 389 2635 apud
418 2546 541 2614 Livium
572 2549 677 2635 procul
709 2546 801 2614 dubio
834 2549 961 2635 legerat,
992 2571 1061 2615 cum
1089 2550 1188 2616 Dione
1222 2549 1429 2630 consentiens,

310 2667 478 2733 confirmat.

351 2785 436 2851 Finis
458 2784 528 2851 libri
551 2785 649 2868 tertii,
676 2793 709 2852 nt
730 2785 903 2870 exordium,
928 2788 1039 2855 eximio
1058 2795 1146 2876 polita
1167 2789 1365 2877 dignissimus
1377 2796 1431 2856 est.

309 2904 525 2972 Pulcherrimis
557 2905 654 2972 verbis
684 2931 785 2995 pugna
807 2908 921 2973 navalis
945 2908 1134 2996 depingitur}
1168 2931 1275 2997 magna
1298 2910 1432 2975 facinora

311 3029 529 3104 memorantur;
553 3023 678 3090 tristitia
702 3031 732 3092 et
755 3025 842 3095 dolor
865 3025 1102 3094 Massiliensium
1119 3029 1338 3110 acerbissimis,
1362 3029 1432 3094 licet

310 3144 414 3230 paucis
438 3143 554 3225 verbis,
579 3146 739 3211 memoriae
763 3146 942 3233 produntur.
990 3147 1077 3213 Hauc
1104 3148 1224 3213 landem
1250 3155 1356 3235 poetae
1384 3150 1432 3216 de·

313 3269 439 3328 tractare
463 3264 612 3330 uolumus.
660 3263 817 3344 „Palmam
852 3267 932 3332 enim
967 3267 1019 3352 qui
1042 3268 1169 3349 meruit,
1198 3267 1310 3349 ferat'';
1345 3270 1433 3334 cuius

314 3382 465 3470 proverbii
493 3383 653 3449 veritatem
683 3385 742 3448 iam
775 3384 890 3451 Gellius
923 3409 976 3452 nos
1008 3386 1164 3454 admonuit
1182 3389 1222 3474 1),
1258 3387 1347 3474 quen'r
1378 3411 1432 3454 nos

317 3501 426 3570 frustra
448 3502 585 3580 docuisse
608 3525 668 3570 non
692 3503 850 3591 patiemur.

351 4255 373 4328 ι)
390 4253 468 4312 roa.
486 4253 544 4312 su.
562 4251 617 4312 111.
635 4251 662 4311 a.
