3296 5132
734 421 769 482 17

188 635 305 712 pararet
324 629 376 710 qui
398 627 531 690 infensus
550 625 677 689 Senecae
698 647 799 690 omnes
818 626 855 690 ad
875 649 943 692 eum
963 629 1209 714 conprimendum
1229 635 1306 694 artes
1331 689 1343 722 s

112 805 115 810 .
189 745 392 831 conquirebat.
443 745 584 810 Lucanus
612 766 739 828 cumque
766 767 800 808 eo
828 745 887 809 duo
915 745 966 809 alii
995 746 1047 812 diu
1074 745 1221 828 abnuere;
1249 749 1305 813 im·

188 866 324 950 punitate
354 865 500 950 promissa
530 869 688 948 corruptus
717 863 799 948 prior
830 871 954 928 matrem
987 865 1114 931 Aciliam
1141 865 1303 933 indicebat.

188 984 348 1064 „Lucanus
367 985 485 1050 detecta
505 983 709 1049 coniuratione
730 1005 917 1066 nequaquam
937 1006 1037 1068 parem
1056 983 1149 1048 animi
1166 993 1303 1050 constan·

187 1105 259 1168 tiam
277 1105 444 1190 praestit't5
468 1103 555 1168 facile
578 1104 657 1168 enim
684 1103 838 1168 consessus
862 1104 953 1169 etad
976 1103 1158 1170 humillimas
1181 1106 1304 1171 devolu-

187 1229 236 1286 tus
261 1245 377 1309 preces,
405 1229 529 1288 matrem
557 1244 677 1307 quoque
705 1223 858 1286 innoxiam
885 1222 964 1288 inter
990 1225 1089 1288 socios
1116 1223 1303 1304 nominavit,

186 1365 308 1427 sperans
326 1342 509 1427 impietatem
531 1341 588 1405 sibi
607 1341 685 1426 apud
705 1341 882 1426 parricidam
905 1341 1069 1428 principem
1081 1341 1301 1427 profuturam.”

187 1463 297 1546 (Suet.)
328 1460 426 1525 Verba
444 1460 627 1525 Suetoniana
643 1461 751 1540 pfacile
769 1459 942 1526 confessus’'
962 1478 1023 1526 non
1044 1469 1215 1548 congruunt
1235 1483 1303 1526 cum

185 1581 283 1645 Taciti
315 1581 490 1659 pLuoanus,
523 1579 769 1665 Quintianusque
798 1587 827 1645 et
854 1581 977 1646 Senecio
1005 1569 1057 1646 diu
1085 1579 1247 1662 abnuere'',
1273 1589 1304 1646 et

185 1701 251 1766 luce
286 1699 393 1765 elarius
427 1699 558 1762 animum
592 1699 730 1764 Suetonii
759 1699 880 1764 Lucano
907 1699 1056 1766 infensum
1084 1700 1302 1780 demonstrant,

184 1821 229 1884 ita
252 1825 286 1883 ut
308 1819 396 1882 ctiam
415 1817 614 1910 sequentibus
638 1818 749 1898 verbis,
775 1819 885 1904 quibus
911 1819 1044 1906 proditio
1074 1819 1178 1884 matris
1204 1807 1326 1883 111111-Ι

185 1945 235 2002 tur
243 1987 251 2016 ,
268 1937 361 2006 ,fidem
374 1959 481 2022 negare
494 1937 595 2018 liceat,
615 1937 707 2022 idque
719 1961 754 2002 co
767 1937 862 2024 magis
875 1939 958 2023 quod
970 1939 1069 2003 Vacca
1080 1921 1173 2004 totam
1186 1959 1247 2002 rem
1261 1939 1287 2002 si

183 2057 276 2122 lentio
309 2058 471 2144 praeteriit.
516 2057 652 2122 Fortasse
682 2058 792 2122 Nisard
822 2080 883 2123 rem
915 2081 971 2123 acu
1000 2058 1103 2143 tetigit
1126 2057 1177 2122 ubi
1204 2057 1300 2144 suspi-

185 2183 283 2256 catur,
311 2200 377 2242 eum
405 2177 457 2262 qui
481 2177 585 2242 Vitam
609 2177 816 2263 conscripserit
839 2177 938 2262 potius
959 2177 991 2242 id
1004 2177 1115 2267 egisse,
1140 2177 1300 2264 ut‘ingenii

185 2319 307 2362 acumen
332 2302 423 2380 etque
445 2296 638 2382 sagacitatem
658 2301 820 2360 ostentaret
844 2319 933 2381 quam
954 2302 989 2360 ut
1001 2295 1114 2361 Lucani
1127 2295 1235 2361 lamam
1248 2318 1298 2360 cu·

187 2421 274 2480 reret.
320 2413 540 2499 Quoquomodc
575 2437 605 2480 sc
635 2438 681 2480 res
700 2415 807 2494 habet,
839 2417 979 2480 Lucanus
1009 2415 1143 2480 conscios
1170 2414 1298 2480 edidisse

189 2558 206 2599 a
227 2533 333 2598 Tacito
355 2541 508 2614 narratur3
533 2535 597 2599 fieri
619 2541 719 2621 potest
740 2543 776 2600 ut
796 2542 917 2600 matrem
939 2557 1058 2620 quoque
1081 2534 1297 2613 nominaverit;

187 2653 327 2719 stimulus
358 2675 446 2732 vero,
489 2653 539 2718 cui
574 2652 733 2719 Suetonius
768 2655 846 2718 hanc
880 2677 942 2718 rem
971 2653 1079 2718 tribuit
1107 2653 1224 2739 turpior
1253 2659 1299 2717 est

187 2796 275 2858 quam
310 2761 359 2838 cui
392 2773 509 2837 credere
539 2772 698 2858 possimus.
743 2773 855 2838 Omnes
890 2772 1036 2838 coniurati
1070 2777 1166 2836 morte
1189 2793 1299 2858 poenas

186 2893 308 2958 audacis
341 2899 465 2958 conatus
495 2891 657 2971 dederunt,
692 2897 807 2978 praeter
840 2891 956 2956 Lucani
990 2897 1114 2956 matrem
1148 2890 1295 2972 Aciliam,

187 3016 338 3096 qnae„ut
359 3010 419 3074 iam
443 3033 530 3096 supra
554 3011 763 3098 cognovimns,
788 3010 852 3076 sine
874 3009 1061 3077 absolutione
1077 3011 1141 3080 sine
1152 3011 1298 3098 supplicio

186 3125 372 3194 dissimulata
394 3135 450 3196 est.

230 3249 332 3330 Quum
344 3247 580 3319 coniurationem
592 3247 723 3314 breviter
734 3271 787 3336 pro
800 3249 1019 3315 necessitudine
1030 3250 1145 3317 Lucani
1157 3248 1299 3315 historiae

160 3427 162 3432 .
186 3367 391 3454 attigerimus,
409 3369 468 3432 iam
489 3369 592 3454 paucis
605 3369 792 3455 singulorum
805 3369 1024 3435 coniuratorum
1038 3375 1147 3435 sortem
1159 3369 1299 3436 tractabi-

187 3509 265 3553 mus.
289 3491 405 3565 Auctor
421 3488 467 3552 vel
491 3488 597 3553 saltem
609 3488 670 3553 dux
683 3489 899 3554 coniurationis
911 3487 983 3554 Piso
994 3489 1079 3554 venis
1091 3487 1299 3554 bracchiorum

186 3605 321 3692 abruptis
342 3606 436 3671 vitum
460 3606 577 3688 finivit,
602 3630 697 3692 quum
720 3609 831 3673 milites
854 3631 871 3673 1
892 3607 1015 3674 Nerone
1037 3608 1121 3676 missi
1144 3607 1298 3687 venirent;

187 3719 382 3792 moribundus
404 3725 435 3791 in
460 3731 639 3792 testamento
662 3725 886 3793 adulationibus
915 3727 947 3792 in
969 3727 1119 3792 Neronem
1143 3749 1173 3792 se
1196 3735 1298 3818 conta·

187 3845 320 3911 minabat
339 3847 375 3934 1).
420 3845 541 3912 Plautio
563 3847 710 3912 Laterano
733 3852 854 3934 tempus
876 3847 985 3913 liberos
1007 3845 1205 3933 amplectandi
1219 3847 1300 3932 prin·

189 3989 257 4053 ceps
290 3989 350 4032 non
384 3965 547 4045 concessit,
581 3989 618 4031 ne
651 3965 806 4031 arbitrium
840 3965 1090 4058 quidem'ruortis
1113 3965 1141 4031 ei
1165 3965 1300 4052 permisit

223 4218 241 4290 ¹)
259 4215 319 4274 Tac.
340 4219 408 4275 Anu.
427 4219 487 4276 XV.
508 4219 549 4276 59.
