3308 5138
863 417 924 480 132

324 610 390 693 nus
412 627 471 692 sibi
497 625 638 692 dedecori
665 624 808 704 duceret,
832 623 929 688 civem
951 622 1121 687 Romanum
1155 621 1290 688 mercede
1323 623 1453 688 conduc·

332 751 398 811 tum
421 744 615 810 interfecisse.
661 742 796 808 Fortasse
819 743 939 808 caedem
961 742 1043 829 apud
1062 741 1216 808 Caesarem
1239 740 1397 807 infitiando
1420 763 1452 805 se

333 864 441 930 scelere
459 885 585 951 purgare
604 862 705 927 conati
722 869 810 942 sunt,
828 883 923 948 quum
943 862 988 926 ira
1010 867 1101 946 atque
1121 860 1219 927 dolore
1243 883 1313 926 eum
1334 867 1453 926 motum

332 983 476 1049 viderent.
522 981 588 1046 Iam
620 981 753 1067 antiquis
775 981 879 1066 itaque
901 979 1086 1067 temporibus
1109 980 1188 1047 hanc
1210 1004 1272 1046 rem
1295 981 1453 1047 confusam

334 1124 396 1167 esse
418 1101 630 1188 intelligimus.

376 1224 400 1286 A
437 1221 599 1286 Plutarcho
631 1226 766 1285 narratur
790 1197 951 1304 Pompeius
976 1218 1123 1284 salutatus
1146 1239 1212 1284 esse
1236 1223 1397 1304 antequam
1419 1219 1453 1283 in

325 1361 439 1404 navem
471 1332 691 1427 ¹Aegyptiacam
718 1339 859 1404 transiret
874 1340 916 1424 ¹):
964 1337 998 1419 „i
1028 1337 1200 1417 Σεπτίμιος
1223 1336 1373 1415 ἐξανέστη
1398 1338 1449 1407 aul

332 1458 501 1538 Ῥωμαϊστὶ
538 1460 590 1524 τὸν
614 1461 773 1538 Πομπήιον
808 1457 1019 1540 αὐτοκράτορα
1040 1457 1316 1539 προσηγόρευσεν.”
1361 1459 1453 1546 Apud

333 1577 508 1664 Appianum
541 1577 703 1666 Pompeius
737 1579 834 1644 fertur
861 1579 1092 1656 ἕπιγιγνώσκων
1124 1582 1274 1658 Ῥωμαῖον
1300 1579 1375 1645 tura
1399 1580 1451 1644 acl

333 1698 587 1780 s'crpcreuoutvcv
601 1699 698 1779 ἑωυτῷ
716 1699 896 1785 Septimium
913 1699 1063 1766 allocutus
1075 1721 1138 1766 esse
1161 1700 1208 1764 his
1229 1700 1345 1765 verbis:
1373 1693 1452 1782 ,apat

332 1842 367 1884 σε
400 1813 580 1912 yryvdcuu,
607 1816 865 1898 cucrpccrcicu”;
895 1818 1021 1884 Caedem
1047 1820 1142 1906 ipsam
1161 1827 1361 1907 perpetratam
1391 1842 1453 1885 esse

332 1937 365 2001 in
388 1944 551 2024 conspectu
574 1935 727 2003 Corneliae
750 1944 781 2003 et
804 1939 888 2003 Sexti
910 1939 965 2003 filii
983 1939 1055 2004 licet
1074 1945 1228 2021 auctores,
1251 1946 1368 2026 praeter
1386 1939 1453 2005 Plo·

332 2063 417 2136 rum,
450 2058 525 2144 ipsis
559 2057 657 2123 verbis
680 2080 741 2123 non
763 2057 882 2140 dicant,
914 2080 983 2124 cum
1015 2059 1203 2145 probabilate
1241 2081 1301 2124 non
1324 2065 1452 2145 pugnat,

335 2198 428 2262 quum
462 2199 565 2244 omnes
600 2177 773 2264 scripserint
802 2183 833 2242 ct
860 2199 983 2242 uxorem
1007 2183 1037 2242 et
1060 2177 1170 2242 amicos
1193 2177 1300 2242 ducem
1323 2177 1454 2263 periculo

226 2368 229 2375 ,
335 2295 456 2362 obviam
479 2302 600 2363 euntem
623 2297 751 2362 retinere
774 2297 882 2361 frustra
905 2303 1029 2361 conatos
1045 2318 1119 2362 csse.
1143 2296 1246 2378 Quum
1257 2296 1453 2373 Plutarchus,

337 2422 403 2481 tum
427 2403 584 2503 Appianus
600 2423 767 2481 memorant
789 2415 878 2482 verba
901 2415 1070 2503 Sophoclis,
1095 2438 1170 2503 quae
1194 2416 1300 2482 ultima
1322 2417 1360 2482 ad
1383 2439 1454 2482 uxo·

337 2557 401 2602 rem
424 2534 544 2600 locutus
566 2541 612 2600 est
636 2536 758 2600 iamiam
781 2535 962 2602 moriturus:

535 2655 651 2728 “Ocra
675 2655 705 2720 δὲ
729 2656 802 2736 πρὸς
826 2655 969 2737 τύραννον
994 2656 1212 2737 {prepulcram

537 2774 641 2840 Keluov
665 2773 726 2840 'ccl
752 2774 873 2850 δοῦλος,
900 2775 957 2841 κᾶν
982 2776 1134 2857 ἐλεύθερος
1162 2776 1261 2858 μόλῃ,

340 2920 469 2984 quorum
488 2895 646 2964 verborum
670 2896 828 2978 Lucanus,
853 2896 934 2983 quod
957 2897 1030 2962 satis
1054 2896 1154 2962 mirari
1174 2896 1225 2960 vix
1243 2896 1357 2982 possis,
1380 2915 1458 2960 men·

341 3017 456 3084 tionem
479 3040 539 3084 non
561 3017 644 3084 facit.

386 3137 473 3220 Quae
496 3137 676 3224 coniugibus
700 3135 845 3223 separatis
868 3135 950 3200 facta
972 3157 1033 3200 esse
1056 3136 1207 3201 aLucano
1227 3135 1397 3214 traduntur,
1415 3134 1459 3198 in-

343 3258 432 3345 genio
465 3258 583 3345 pottico
617 3255 778 3324 debemus:
813 3277 912 3340 neque
946 3255 1026 3319 enim
1057 3253 1209 3320 Corneliae
1240 3261 1380 3352 conatum
1403 3253 1461 3320 sibi

343 3401 450 3444 manus
473 3379 615 3447 efferendi
638 3381 718 3469 apud
738 3397 919 3466 quemqnam
938 3381 1135 3441 memoratum
1158 3375 1340 3462 reperimus;
1364 3396 1461 3461 neque

345 3497 483 3585 Pompeii
502 3500 699 3587 cogitationes
714 3499 794 3587 apud
804 3496 1005 3563 ‘historiarum
1024 3494 1184 3581 scriptores
1195 3493 1338 3587 lpgimus,
1352 3494 1461 3580 quippe

347 3639 423 3702 quas
446 3641 533 3684 nemo
556 3619 695 3684 exaudire
717 3617 858 3706 potuerit.

391 3737 441 3804 nd
474 3737 630 3804 historiam
661 3738 755 3818 redit,
790 3759 884 3822 quum
917 3741 1007 3821 caput
1036 3755 1197 3820 acorpore
1219 3732 1371 3800 divulsum
1401 3753 1461 3798 esse

348 3863 457 3924 narrat.
482 3857 550 3925 Hoc
573 3865 664 3945 caput
685 3857 818 3939 Caesari,
840 3863 1000 3942 antequam
1019 3855 1045 3918 is
1070 3852 1108 3919 ad
1128 3852 1462 3940 Aegyptumadpulsus

380 4219 401 4292 ¹)
420 4215 514 4292 Pomp.
532 4217 575 4278 78.
