3296 5132
895 408 934 474 18

355 637 447 699 quum
474 637 564 679 manu
587 613 780 680 tribunieum
792 613 1004 679 trucidandum
1015 621 1141 679 curaret.
1177 616 1303 694 Seneca,
1329 619 1471 700 quitorte

356 757 394 798 an
412 734 540 820 prudens
562 756 598 798 ex
617 732 779 819 Campania
802 733 839 797 ad
862 756 929 798 eum
953 733 1032 800 diem
1046 741 1245 814 remeaverat,
1269 745 1470 820 quartumque
1542 777 1544 780 -

354 852 435 937 apud
464 851 592 938 lapidem
611 849 780 916 suburbano
803 873 870 915 rure
892 849 1082 930 substiterat,
1106 851 1170 917 illie
1193 854 1322 918 interfici
1349 853 1470 919 iubeba-

357 977 416 1037 tur.
461 971 553 1036 Dicto
586 970 709 1038 audiens
743 991 803 1034 non
838 969 933 1035 solum
967 969 1155 1035 brachiorum
1179 993 1269 1036 venas
1298 972 1349 1037 sed
1379 972 1470 1037 etiam

357 1113 476 1156 crurum
509 1090 625 1176 aperuit
631 1117 640 1169 ;
675 1089 762 1154 senili
792 1095 892 1154 autem
925 1089 1069 1174 sanguine
1092 1089 1207 1153 tardius
1230 1097 1368 1155 manante
1391 1090 1470 1155 cicu-

358 1218 420 1274 tam
461 1209 571 1276 hausit.
625 1209 714 1291 Quod
756 1230 849 1293 quum
891 1229 928 1272 ne
961 1207 1033 1272 satis
1068 1207 1191 1292 quidam
1225 1215 1319 1287 esset,
1355 1208 1470 1272 introiit

359 1326 469 1392 calidae
511 1352 603 1415 aquae
644 1336 802 1414 stagnum,
843 1327 895 1392 ubi
935 1349 1005 1392 mox
1046 1327 1233 1392 exanimatus
1267 1327 1354 1392 obiit.
1398 1326 1472 1391 Post

358 1468 426 1511 eum
450 1445 589 1512 tribunus
618 1445 744 1512 Subrius
766 1447 874 1514 Flavus
896 1445 1072 1512 interfectus
1095 1451 1156 1525 est,
1180 1445 1265 1511 cuius
1285 1469 1342 1510 vox
1363 1446 1471 1510 nobilis

358 1566 491 1630 animum
524 1588 591 1630 vere
624 1565 794 1630 Romanum
828 1570 965 1630 testatur.
1018 1564 1051 1628 Is
1086 1564 1166 1629 enim
1203 1563 1319 1628 Neroni
1353 1564 1469 1650 roganti

358 1706 447 1768 quam
488 1684 526 1748 ob
560 1706 679 1748 causam
709 1684 746 1747 ad
777 1682 953 1748 sacramenti
982 1681 1163 1748 oblivionem
1193 1683 1384 1768 processessit
1413 1705 1470 1748 res·

357 1803 480 1890 pendit:
507 1802 642 1896 ¹„odisse
676 1808 706 1866 te
737 1802 839 1888 coepi,
879 1807 1038 1888 postquam
1073 1801 1194 1887 auriga,
1231 1806 1267 1881 ,et
1301 1801 1407 1866 histrio
1442 1811 1470 1866 et

357 1921 546 1987 incendarius
588 1919 764 1987 exstitisti''.
822 1920 926 1985 Simile
968 1919 1152 1985 constantiae
1194 1919 1366 2005 exemplum
1405 1920 1470 1984 Sul·

356 2041 452 2127 picius
487 2043 582 2126 Asper
612 2039 747 2104 centurio
778 2038 861 2104 dedit
869 2064 878 2118 ;
913 2061 968 2103 nec
996 2045 1109 2104 ceteros
1139 2038 1328 2103 centuriones
1350 2040 1381 2103 in
1406 2062 1469 2124 per·

356 2155 503 2246 potiendis
526 2158 681 2245 suppliciis
704 2157 928 2244 degeneravisse
949 2157 1071 2222 Tacitus
1094 2164 1198 2222 auctor
1220 2159 1321 2242 est1).
1344 2156 1470 2222 Vestino

359 2279 492 2358 consuli,
517 2278 613 2342 amico
630 2283 716 2342 antea
738 2277 887 2356 Neronis,
913 2275 1046 2341 medicus
1068 2281 1185 2362 praesto
1201 2275 1471 2360 eratquieivanas

354 2397 551 2462 abscinderet.
595 2396 709 2462 Eadem
742 2417 836 2482 poena
861 2395 1001 2460 Lucanus
1028 2395 1172 2460 multatus
1194 2403 1249 2484 est,
1295 2395 1467 2460 Arbitrium

356 2515 484 2580 liberum
506 2515 610 2580 mortis
633 2515 660 2580 ei
684 2515 787 2579 datum
810 2537 873 2579 esse
895 2514 1056 2580 Suetonius
1078 2522 1196 2595 narrat,
1222 2515 1275 2599 qni
1299 2515 1383 2579 addit
1402 2537 1469 2579 eum

357 2633 509 2698 codicillos
543 2633 580 2698 ad
607 2640 722 2720 patrem
750 2633 933 2720 corrigendis
956 2633 1135 2719 quibusdam
1158 2633 1293 2699 versibus
1317 2634 1380 2700 suis
1402 2656 1470 2699 exa-

358 2755 483 2832 ravisse,
500 2752 712 2839 epulatumque
724 2752 847 2839 largiter
858 2752 981 2819 brachia
992 2753 1030 2817 ad
1041 2753 1180 2818 secandas
1191 2775 1281 2817 venas
1293 2752 1409 2818 medico
1422 2753 1471 2818 de·

358 2873 444 2937 disse.
472 2872 571 2936 Vacca
589 2872 650 2936 fere
668 2871 746 2936 idem
760 2871 881 2935 brevius
893 2871 997 2937 refert:
1014 2869 1092 2936 diem
1106 2879 1191 2937 notat
1202 2870 1279 2957 prid.
1294 2869 1361 2937 Kal.
1373 2871 1471 2936 Maias

358 2993 461 3077 Attico
474 2993 600 3058 Vestino
622 2993 723 3056 Nerva
743 2991 842 3055 Silano
866 2990 964 3070 Coss,
994 3013 1087 3075 quum
1107 2989 1217 3056 XXVI
1238 2990 1343 3054 aetatis
1361 3009 1471 3054 annum

358 3119 458 3197 ageret
475 3118 571 3199 poeta.
598 3113 651 3194 (30
677 3113 749 3198 Apr.
775 3112 814 3175 65
827 3134 858 3196 p.
870 3110 907 3176 C.
920 3115 977 3194 u).
1021 3109 1048 3173 Ε
1070 3108 1170 3175 verbis
1182 3108 1320 3174 Suetonii
1332 3095 1470 3194 apparet,
1518 3185 1520 3192 Α

357 3233 513 3297 Lucanum
546 3253 641 3315 aequo
674 3230 774 3293 animo
796 3228 948 3294 fortunam
971 3227 1095 3306 tulisse,
1128 3227 1240 3314 qnippe
1262 3226 1317 3312 qui
1339 3235 1471 3292 extrema

359 3373 479 3436 quoque
501 3351 573 3415 hora
595 3349 633 3414 ad
656 3371 758 3414 versus
771 3347 960 3434 corrigendos
971 3347 1102 3412 animum
1114 3343 1272 3426 adiecerit,
1292 3368 1391 3431 neque
1402 3365 1472 3408 cum

359 3469 502 3536 Suetonio
524 3469 646 3535 Tacitus
669 3474 800 3555 pugnat,
826 3466 879 3531 ubi
908 3466 983 3544 dicit
1001 3470 1120 3552 pottam
1138 3465 1303 3552 profluente
1322 3463 1472 3551 ,sanguine

357 3593 452 3674 quuin
478 3589 636 3675 frigescere
657 3587 748 3673 pedes
771 3607 936 3670 manusque
955 3592 986 3650 et
1003 3585 1146 3671 paulatim
1165 3584 1201 3649 ab
1213 3585 1354 3650 extremis
1365 3584 1471 3650 cedere

357 3708 512 3795 spiritum,
543 3707 658 3773 fervido
686 3705 784 3771 adhuc
807 3713 837 3771 et
856 3711 993 3792 compote
1016 3705 1125 3769 mentis
1147 3711 1268 3790 pectore
1290 3688 1472 3791 intelligeret

356 3829 543 3893 recordatum
565 3850 628 3892 esse
650 3849 766 3891 carmen
791 3848 808 3889 a
830 3847 860 3888 se
887 3823 1097 3911 compositum.
1144 3821 1206 3902 Qui
1229 3845 1331 3889 versus
1353 3823 1471 3890 recitati

390 4203 410 4274 1)
429 4203 497 4256 nnn.
516 4199 575 4256 xrs.
595 4203 637 4258 ea.
