3296 5132
763 405 803 466 55

217 611 313 696 capit,
338 635 399 696 qua
423 635 491 676 eum
517 611 627 674 milites
651 609 827 696 prohibent,
858 611 895 674 arl
927 613 1084 676 Caesarem
1119 613 1235 678 litteras
1269 615 1339 680 mit·

214 729 324 794 tendo:
355 752 418 794 sese
448 737 567 816 paratos
601 751 665 793 esse
700 735 800 814 portus
835 729 964 814 aperire,
1001 754 1139 816 quaeque
1175 733 1337 819 imperave-

213 848 255 912 rit
293 848 404 929 facere,
440 854 470 912 et
503 847 539 914 L.
575 847 747 912 Domitium
777 847 882 912 rivum
906 850 972 913 eius
995 853 1140 936 potestati
1164 853 1279 919 tradere
1300 856 1335 937 ¹).

213 969 286 1048 Quo
308 967 388 1033 facto
413 969 582 1033 Domitium
607 975 638 1032 et
660 969 737 1033 alios
760 969 840 1033 viros
860 970 973 1035 ordinis
986 972 1144 1052 senatorii,
1169 971 1334 1037 Caesarin-

213 1088 345 1153 columes
364 1089 510 1168 dimittit,
534 1089 693 1174 pecuniam
713 1111 850 1174 quoque,
872 1085 963 1174 quam
981 1091 1137 1156 Domitius
1156 1092 1332 1170 advexerat,

212 1209 328 1288 reddit,
362 1231 400 1272 ne
434 1195 637 1274 continentior
670 1209 703 1273 in
737 1211 800 1275 vita
833 1211 990 1276 hominum
1023 1234 1113 1295 qnam
1144 1213 1177 1277 in
1205 1213 1334 1298 pecunia

212 1329 307 1393 tuisse
329 1329 480 1396 videatur.
512 1331 582 1412 Qua
601 1331 633 1395 in
653 1353 684 1396 re
705 1353 776 1395 vero
794 1330 902 1396 Caesar
925 1332 1012 1396 testis
1028 1341 1073 1396 est
1085 1331 1256 1413 habendus,
1281 1333 1332 1397 cui

212 1447 302 1512 fidem
337 1449 460 1513 omnino
494 1449 601 1514 habere
634 1450 679 1514 fas
711 1473 771 1514 non
806 1435 870 1516 ests
907 1451 1000 1536 Apud
1029 1452 1228 1538 Pompeianos
1251 1455 1331 1518 enim

211 1569 319 1632 famam
353 1568 448 1633 fuisse
483 1575 614 1648 constat,
646 1592 709 1633 eam
740 1570 899 1655 pecuniam
931 1571 1067 1636 Domitio
1098 1595 1158 1635 non
1181 1573 1330 1638 redditam

212 1691 321 1772 esse2).
368 1687 479 1773 Neque
501 1687 620 1752 Caesari
644 1689 825 1754 credendum
850 1697 1010 1776 putamus,
1036 1690 1073 1755 de
1096 1693 1330 1778 numerocopia·

211 1829 279 1870 rum
314 1808 466 1874 scribenti.
511 1807 610 1872 Nobis
644 1809 724 1873 enim
755 1810 933 1896 persuadere
963 1815 1105 1889 conatur,
1137 1810 1197 1875 sibi
1227 1818 1330 1876 contra

212 1951 334 2014 magnas
357 1929 493 1994 bostium
516 1928 617 2014 copias
640 1927 754 1993 bellum
777 1930 941 2015 gerendum
965 1931 1069 1995 fuisso.

255 2049 410 2130 Quantum
433 2047 593 2113 discrimen
616 2048 695 2112 inter
717 2049 832 2114 Lucani
856 2057 886 2114 et
907 2049 1120 2113 historicorum
1141 2047 1329 2114 describendi

211 2168 374 2232 rationem!
399 2168 508 2253 Neque
531 2174 649 2231 tanturn
674 2169 814 2233 Lucanus
836 2168 975 2233 libertate
997 2169 1094 2254 potitis
1118 2189 1255 2232 concessa
1272 2167 1330 2230 uti-

210 2293 274 2366 tur,
309 2309 402 2372 quum
427 2309 463 2351 ex
486 2287 610 2350 historia
633 2287 801 2351 Domitium
825 2287 995 2352 noverimus
1019 2294 1049 2351 et
1071 2287 1253 2372 proditorem
1277 2287 1332 2369 qui

211 2429 281 2471 suae
316 2407 407 2471 saluti
442 2407 598 2471 consulere
633 2412 774 2485 conatur,
810 2415 840 2470 et
870 2407 967 2470 virum
998 2407 1180 2492 pertinacem
1207 2412 1237 2470 et
1269 2405 1331 2468 ani-

210 2527 253 2590 mi
295 2525 454 2605 obstinati,
499 2525 552 2610 qui
593 2525 710 2590 iniussu
753 2525 955 2611 imperatoris,
1004 2524 1191 2610 propositum
1242 2547 1330 2588 suum

210 2667 314 2732 urgere
345 2645 445 2730 eupit;
476 2650 566 2731 poeta
593 2644 681 2708 nobis
703 2644 821 2708 heroam
845 2643 976 2708 nobilem
999 2643 1174 2729 proposuit,
1198 2643 1251 2726 qui
1275 2643 1327 2707 vix

210 2786 319 2828 munus
341 2764 424 2850 ritae
447 2763 506 2828 sibi
531 2763 749 2828 condonataee
773 2763 936 2828 decessoris
949 2785 1038 2826 manu
1053 2762 1279 2849 acciperevult,
1304 2765 1329 2846 ³)

210 2890 241 2948 at
262 2883 458 2948 nihilominus
481 2883 601 2968 accipit.

242 3002 329 3083 Quae
341 3004 378 3068 de
389 3003 524 3068 Corfinio
537 3003 657 3068 obsesso
669 3009 700 3068 et
711 3009 798 3089 capto
811 3003 992 3082 referuntur,
1006 3025 1081 3066 num
1094 3025 1131 3066 ex
1142 3001 1231 3066 Livio
1241 3006 1329 3087 putta

209 3121 350 3186 sumserit
367 3123 515 3186 incertum
536 3128 597 3200 est,
617 3143 716 3206 neque
735 3145 880 3206 umquam
895 3122 1012 3186 decerni
1025 3122 1149 3208 poterit,
1168 3119 1328 3184 lieetnihil

209 3243 289 3330 apud
318 3241 479 3307 Lucanum
509 3241 684 3305 inveniatur
707 3243 789 3327 quod
813 3265 883 3306 cum
906 3239 1011 3326 paucis
1037 3264 1054 3304 a
1077 3240 1165 3305 Livio
1189 3238 1326 3313 traditis,

209 3385 341 3447 cumque
375 3361 414 3425 iis
447 3385 524 3446 quac
552 3361 634 3447 apud
661 3361 782 3438 Florum
806 3368 837 3426 et
859 3360 1002 3426 Orosiurn
1024 3360 1177 3444 legantur,
1201 3363 1325 3442 pugnet.

207 3481 317 3547 Livius
339 3481 427 3546 nubis
451 3483 523 3546 haec
546 3487 666 3546 tantum
692 3481 783 3545 tradit
808 3480 954 3562 (Perioch.
978 3479 1116 3562 OVIIH)
1137 3476 1324 3557 „Corfinium

209 3623 278 3668 cum
314 3605 349 3668 L.
373 3601 510 3666 Domitio
542 3608 572 3666 et
607 3599 718 3664 Publio
752 3599 881 3664 Lentulo
917 3599 1014 3686 cepit,
1036 3618 1145 3681 eosque
1169 3592 1322 3672 dimisit”;

239 3861 244 3892 l

236 3865 256 4010 ll
275 3855 346 4000 llrcc
348 3855 396 3999 Ad
408 3857 467 4000 dli
486 3943 561 4000 XIV.
580 3945 604 3999 8.
624 3945 650 3999 3.
668 3941 751 3998 Addit
765 3942 845 4008 illud,
865 3959 927 3996 sane
940 3940 1091 3996 molestum:
1113 3938 1251 4011 pecuniam
1270 3938 1326 3993 Do·

201 4031 274 4086 mitio
294 4032 359 4086 satis
378 4031 516 4102 grandem,
535 4031 653 4102 quomis
673 4030 779 4086 Corfinii
797 4028 933 4095 habuerit,
952 4046 1005 4082 non
1024 4044 1080 4081 esse
1101 4025 1237 4081 redditam.

233 4120 254 4188 5)
275 4119 348 4173 Suet.
377 4118 436 4174 Div.
455 4117 508 4173 lul.
527 4119 570 4175 34.
597 4117 666 4173 Nam
686 4117 717 4173 L.
737 4115 870 4172 Domitius
888 4132 934 4188 per
955 4111 1101 4168 tumultum
1121 4129 1241 4167 succesor
1259 4109 1325 4164 Cae-

199 4207 251 4262 sari
269 4205 422 4262 uominatus
441 4207 489 4264 est.
