3296 5132
658 424 808 500 ,75¹

174 629 324 696 Numidae
353 631 505 696 Romanos
535 628 642 694 acriter
668 629 814 694 instantes
842 629 978 717 cingunt.
1024 628 1168 717 Undique
1194 629 1289 696 hastis

173 748 339 816 minacibus
367 751 463 838 saepti
494 749 673 816 obruuntur.
718 748 833 814 Pressis
859 751 919 816 iam
943 750 1027 816 locus
1050 773 1111 817 uon
1134 756 1179 816 est
1200 749 1290 815 armis

173 869 296 937 utendi:
321 868 454 935 membra
476 868 588 957 stipata
609 869 804 956 franguntur:

324 1011 529 1076 compressum
553 988 640 1056 turba
662 989 748 1056 stetit
770 1011 859 1066 omne
882 989 1007 1057 cadaver
1031 991 1121 1078 (787)

213 1109 421 1175 Miserandum
460 1113 506 1174 est
540 1109 628 1175 talem
662 1110 800 1176 iuuenem
831 1115 986 1196 tamquam
1016 1111 1114 1178 dirum
1139 1110 1289 1198 piaculum

101 1257 102 1262 ¹
171 1227 349 1294 Hannibalis
376 1228 605 1316 Poenorumque
628 1230 780 1297 cecidisse.
825 1230 966 1296 Lucanus
995 1230 1074 1296 enim
1099 1230 1135 1296 de
1157 1228 1290 1296 Curione

170 1348 347 1414 sententiam
365 1348 437 1429 fert,
461 1349 583 1437 pietatis
606 1350 737 1438 plenam.
771 1349 946 1417 uitandam
969 1349 1045 1417 bene
1063 1350 1186 1417 maritae
1208 1349 1289 1416 ritae

171 1492 228 1534 non
251 1476 359 1556 negat:
382 1468 464 1536 haud
495 1491 675 1555 quamquam
711 1469 808 1536 ciuem
831 1469 885 1535 tali
915 1468 1015 1536 indole
1037 1468 1207 1557 praeditum
1231 1470 1292 1536 Ro·

170 1611 245 1654 mam
268 1591 375 1656 tulisse
394 1590 485 1672 dicit,
509 1595 561 1655 aut
584 1590 636 1655 cui
661 1589 742 1678 leges
758 1589 826 1676 plus
845 1589 1004 1668 deberent,
1021 1587 1184 1656 dummodo
1207 1593 1289 1654 recta

169 1717 288 1776 secutus
312 1715 399 1778 esset.
435 1709 577 1778 Ambitus
595 1715 715 1792 autem,
739 1711 847 1792 luxus,
870 1709 997 1776 facultas
1016 1731 1108 1797 opum
1129 1708 1289 1774 metuenda
1413 1767 1417 1777 .

170 1831 308 1912 effecere,
342 1836 378 1894 ut
411 1829 611 1916 corruptionis
646 1829 776 1910 semina,
812 1851 885 1895 auro
924 1829 1058 1896 Caesaris
1088 1829 1219 1910 nutrita,
1251 1829 1290 1895 ad

170 1949 373 2017 maturitatem
396 1949 595 2036 pervenirent.
627 1947 747 2032 Quibus
770 1949 914 2014 incitatus
937 1949 989 2015 illa
1008 1956 1196 2037 perpetrarea
1218 1970 1289 2014 usus

170 2076 229 2149 cst,
264 2069 349 2159 quod
382 2091 479 2155 neque
509 2068 594 2135 Sulla
619 2074 743 2155 potens,
777 2092 875 2155 neque
909 2069 992 2134 lerox
1025 2068 1157 2150 Marius,
1191 2090 1289 2154 neque

169 2189 264 2256 Cinna
288 2196 447 2270 cruentus,
471 2211 569 2276 neque
591 2189 682 2255 series
704 2187 864 2256 Caesareae
887 2187 994 2254 domus
1020 2187 1110 2254 iecit:
1134 2187 1167 2253 hi
1185 2210 1289 2254 omnes

170 2311 325 2376 civitatem
359 2314 512 2389 emerunt,
551 2308 711 2375 Curionem
746 2314 846 2374 autem
882 2307 985 2374 urbem
1023 2305 1195 2374 vendidisse
1228 2329 1290 2374 non

170 2429 289 2516 puduit.

201 2655 348 2751 ¹Bellum,
386 2669 469 2755 quod
495 2669 552 2734 hoc
575 2667 673 2756 capite
697 2667 891 2748 describitur,
916 2689 975 2733 non
996 2667 1092 2732 multa
1116 2666 1206 2733 caede
1232 2671 1290 2732 ste·

171 2790 257 2872 tissa,
281 2787 388 2856 Florus
409 2789 534 2854 affirmat
547 2789 584 2875 ¹).
629 2790 771 2875 ‘'Auceps
790 2787 1006 2875 rariuumqua,
1030 2787 1082 2852 sed
1100 2787 1290 2852 incruentum

170 2909 200 2973 in
223 2907 375 2995 Hispania
397 2907 526 2990 bellum,
551 2929 619 2973 cum
641 2907 749 2994 legatis
773 2907 912 2995 Pompeii
933 2907 1059 2974 Afranio
1082 2913 1112 2973 et
1134 2904 1287 2972 Petreio.''

170 3029 331 3109 Narratio,
363 3051 454 3114 quam
483 3028 564 3116 apud
587 3029 743 3094 Caesarem
765 3027 954 3108 invenimus,
977 3047 1075 3092 rerum
1098 3026 1137 3092 ad
1159 3025 1288 3092 Ilerdam

171 3157 338 3237 gestarum,
374 3147 476 3214 verbis
503 3147 700 3235 amplioribus
722 3147 888 3233 descripta,
912 3147 1014 3212 eadem
1042 3146 1164 3231 quidem
1187 3145 1290 3213 tradit.

172 3269 247 3336 Cum
284 3268 386 3334 Dione
421 3268 544 3334 omnino
574 3267 712 3355 congruit
740 3268 843 3354 paucis
872 3265 948 3332 locis
977 3267 1127 3353 exceptis,
1162 3287 1291 3353 quorum

172 3389 202 3453 in
236 3387 433 3474 sequentibus
464 3387 633 3474 exemplum
656 3387 805 3454 dabimus.
852 3387 1003 3469 Quoniam
1026 3387 1157 3453 Dionem
1179 3385 1211 3450 in
1234 3384 1293 3450 hoc

173 3508 247 3575 bello
272 3506 467 3573 describendo
484 3507 607 3573 Livium
630 3509 760 3574 maxima
782 3508 927 3594 religione
950 3512 1087 3574 secutum
1111 3527 1190 3586 esse,
1213 3503 1293 3569 Wil-

175 3651 258 3695 maus
294 3625 528 3708 demonstravit,
572 3649 726 3713 quumque
759 3628 917 3693 Lucanum
953 3649 1022 3694 cum
1059 3626 1185 3691 Caesare
1226 3646 1296 3692 con·

175 3773 281 3838 gruere
323 3752 495 3833 videamus,
530 3749 678 3816 coniicere
706 3749 794 3830 licet,
839 3748 995 3814 Lucanum
1030 3753 1060 3812 et
1094 3744 1229 3811 Caesaris
1263 3750 1294 3811 et

175 3871 255 3938 Livii
285 3871 497 3938 auctoritatem
528 3875 665 3937 secutum
696 3893 769 3937 esse.
814 3870 876 3935 Cur
897 3868 978 3934 enim
1001 3867 1110 3934 Livius
1132 3865 1209 3932 hanc
1231 3887 1293 3933 rem

175 4107 405 4117 ——..-——.-.-
