3296 5132
888 407 928 468 30

349 613 491 679 laudibus
508 613 593 693 tulit,
615 620 649 678 ut
667 611 883 698 Pompeianum
903 633 971 676 cum
991 613 1149 697 Augustus
1170 611 1348 696 appellaret,
1369 636 1465 697 neque

259 747 262 750 ·
348 732 380 798 id
413 733 561 798 amicitiae
592 755 693 797 eorum
724 731 836 796 offecit.
882 729 1071 816 Scipionem,
1103 729 1278 810 Afranium,
1309 729 1463 810 Cassium,

348 851 477 917 Brutum
485 902 494 932 ,
526 873 674 936 nusquam
705 850 835 914 latrones
863 856 892 914 et
914 849 1092 935 parricidas,
1116 870 1193 932 quae
1215 871 1297 913 nunc
1319 848 1465 914 vocabula

350 969 560 1056 imponuntur,
585 991 671 1055 saepe
694 975 728 1032 ut
752 969 885 1053 insignes
908 967 989 1031 viros
1012 966 1169 1032 nominat'’
1194 970 1230 1052 1).

393 1088 500 1154 Livius
530 1095 644 1174 septem
668 1087 753 1152 libris
776 1086 889 1151 bellum
916 1087 1004 1151 civile
1027 1093 1223 1165 tractaverat,
1256 1110 1383 1172 qnorum
1406 1092 1464 1152 exi·

349 1230 427 1294 guae
457 1213 574 1272 tantum
606 1212 704 1292 partes
727 1205 897 1293 posteritati
918 1206 1046 1270 traditae
1069 1214 1148 1272 tunt.
1193 1207 1358 1271 Periochae
1384 1207 1462 1272 enim

349 1351 404 1393 nos
434 1327 543 1392 docent
565 1325 639 1412 quid
662 1325 732 1391 libri
755 1324 904 1412 deperditi
928 1327 1140 1391 continuerint.
1186 1325 1244 1390 Sed
1266 1325 1353 1404 nobis
1379 1325 1463 1389 exlris

347 1445 498 1530 reliquiis,
522 1467 612 1529 quem
636 1445 674 1509 ad
699 1445 818 1510 modum
843 1445 876 1509 in
900 1445 1094 1529 sequentibus
1119 1445 1309 1521 videbimus,
1334 1469 1403 1509 cum
1426 1445 1464 1508 iis

351 1564 530 1650 comparatis
568 1586 644 1649 quae
678 1561 765 1629 nobis
799 1563 984 1648 reliquerunt
1018 1564 1071 1647 qui
1106 1587 1142 1628 ex
1169 1563 1251 1628 Livii
1270 1564 1389 1650 scriptis
1411 1587 1465 1628 sua

351 1683 535 1762 hauserunt,
568 1682 649 1747 haud
678 1683 743 1748 sine
774 1683 909 1748 veritatis
938 1683 1037 1768 specie
1061 1684 1173 1748 efficere
1198 1685 1284 1765 licet,
1309 1685 1462 1752 Lucanum

351 1824 387 1866 ex
425 1801 514 1867 Livio
552 1801 689 1888 inprimis
727 1802 863 1867 hausisse
904 1802 1026 1886 eiusque
1066 1803 1245 1868 auctoritate
1278 1826 1363 1868 usum
1391 1827 1465 1870 esse.

351 1921 441 2002 Quod
470 1942 505 1985 eo
535 1920 655 1986 facilius
684 1921 777 1985 statui
803 1927 919 2008 potest,
951 1921 1031 2006 quod
1053 1921 1159 1986 Livius
1182 1927 1266 1988 tanta
1283 1923 1466 2008 posteriores

350 2040 508 2126 scriptores
538 2041 716 2106 auctoritate
745 2041 860 2121 tenuit,
896 2047 931 2106 ut
960 2041 1179 2126 quodammodo
1209 2041 1378 2128 deperditos
1401 2042 1465 2106 cius

350 2158 443 2224 libros
471 2166 675 2246 compensent.
720 2159 860 2225 Lucanus
883 2160 962 2224 enim
991 2183 1060 2226 cum
1091 2160 1189 2225 Dione
1218 2159 1321 2224 Cassio
1343 2166 1382 2245 ,et
1404 2165 1465 2247 Ap-

349 2277 440 2363 piano
482 2278 653 2364 saepissime
694 2301 861 2366 congruens
902 2302 997 2344 meam
1043 2279 1214 2366 opinionem
1260 2279 1464 2360 confirmavit,

354 2397 597 2484 quandoquidem
637 2421 687 2463 eos
727 2421 764 2464 ex
798 2399 900 2463 eodem
936 2399 1018 2463 sonte
1049 2399 1192 2464 sumsisse
1223 2397 1310 2464 nobis
1341 2383 1486 2462 statuenss

351 2519 422 2583 dum
457 2524 513 2584 est.
559 2517 686 2582 Dionem
721 2517 859 2582 Cassium
893 2517 973 2582 enim
1003 2517 1123 2582 Livium
1153 2540 1239 2603 saepe
1270 2523 1339 2582 ante
1362 2517 1466 2582 oculos

351 2637 506 2717 habuisse,
547 2637 574 2702 ei
615 2636 668 2721 qui
711 2637 878 2700 accuratius
920 2645 1011 2722 atque
1045 2637 1219 2724 diligentius
1257 2659 1325 2701 cum
1358 2637 1466 2722 legerit

352 2756 454 2820 statim
490 2755 662 2843 apparebit3
701 2756 733 2820 in
768 2755 890 2842 primis,
925 2763 960 2820 ut
993 2757 1162 2844 exemplum
1197 2757 1360 2842 proferam,
1392 2755 1466 2820 haec

351 2875 494 2962 cogitatio
537 2873 650 2939 incidet
683 2873 838 2940 Massiliae
870 2856 1036 2940 obsidionis
1070 2876 1301 2962 descriptionem
1336 2875 1464 2962 legenti,

351 2995 383 3059 in
407 3015 466 3082 qua
489 3015 610 3080 prorsus
633 2994 761 3059 eundem
784 2994 932 3060 factorum
950 2994 1083 3060 ordinem
1107 3018 1143 3060 ex
1166 2995 1304 3081 Epitome
1316 2995 1372 3060 CX
1383 2992 1465 3058 Livii

350 3120 502 3178 servatum
533 3135 596 3178 csse
618 3112 825 3199 cognovimus.
872 3114 1058 3180 Luculenter
1081 3113 1230 3179 Wilmans
1253 3112 1467 3178 demonstravit

350 3256 384 3298 ca
417 3255 492 3318 qnae
520 3230 667 3296 Catilinae
697 3231 936 3298 coniurationem
960 3234 1161 3318 insequuntur
1184 3239 1319 3317 tempora
1342 3231 1379 3296 ad
1402 3253 1465 3295 cae·

349 3353 417 3418 dem
448 3351 583 3417 Caesarie
605 3371 701 3434 usque
723 3357 754 3414 et
776 3351 871 3433 ultra,
894 3358 974 3417 certe
997 3352 1162 3417 secundum
1179 3349 1301 3415 Livium
1325 3371 1342 3413 a
1366 3349 1466 3414 Dione

349 3477 467 3536 narrata
497 3491 570 3536 esse.
616 3469 676 3534 Cui
699 3469 743 3534 rei
765 3470 861 3557 igitur
884 3470 1129 3536 demonstrandae
1152 3493 1271 3558 operam
1295 3468 1465 3556 impendero

347 3589 434 3657 nobis
456 3612 675 3678 supervacuum
699 3613 761 3656 esse
785 3590 917 3656 videtur.

391 3709 500 3796 Neque
549 3709 644 3774 solum
689 3709 751 3776 Dio
792 3708 915 3776 Cassius
955 3709 1040 3776 nobis
1086 3710 1184 3796 operis
1229 3708 1310 3774 Livii
1351 3717 1464 3794 partem

349 3830 488 3898 serravit.
544 3829 650 3895 Florus
696 3836 726 3894 'et
776 3828 904 3896 Orosius
947 3836 978 3894 et
1011 3827 1110 3894 Iulius
1150 3825 1345 3911 Obsequens,
1390 3850 1465 3912 quos

337 4061 598 4074 Ἣ

380 4201 401 4272 ¹)
419 4199 503 4259 Tacit.
523 4197 617 4260 Annul.
637 4201 686 4262 IV.
705 4205 748 4264 34.
