3308 5138
738 373 798 436 14⁷

211 579 304 665 igitur
337 580 401 643 fieri
434 585 551 666 potest,
587 585 622 644 ut
656 579 694 644 ad
727 578 817 644 huius
850 602 969 668 pugnae
993 580 1225 668 descriptionem
1248 607 1323 671 opus

48 736 49 814 p
210 720 298 764 suum
321 698 478 764 extendere
500 704 605 785 potitae
627 699 660 764 in
683 699 783 764 auimo
805 699 912 781 fuerit,
936 706 1038 766 tamen
1057 700 1115 767 hoo
1133 703 1323 790 propositum

47 815 49 900 l
208 840 277 884 eum
300 824 474 898 exsecutum
497 839 561 883 esse
583 816 665 882 haud
686 817 872 885 crediderim.

249 1057 396 1143 Locuples
418 1057 525 1123 Caesar
546 1017 717 1144 ipseb⁸eslis
736 1015 853 1138 sistitis
869 1079 968 1122 rerum
990 1057 1092 1122 statim
1103 1066 1172 1146 post
1183 1058 1321 1146 Pompeii

204 1178 324 1244 eaedem
346 1176 378 1241 in
402 1179 540 1263 Aegypto
563 1183 710 1257 actarum,
735 1154 784 1242 ini
807 1184 908 1241 eutem
931 1199 991 1242 non
1015 1177 1318 1250 temereoredendum

204 1305 266 1378 est,
302 1304 337 1361 nt
370 1319 438 1361 mox
470 1295 634 1382 apparebit.
680 1295 744 1361 Sibi
766 1295 910 1383 populum
932 1317 1115 1382 propensum
1137 1319 1199 1362 non
1223 1296 1333 1362 luisse

203 1417 266 1503 ipse
289 1422 402 1496 narrat,
417 1419 441 1501 1)
466 1438 482 1480 e
504 1437 579 1481 nave
600 1415 680 1480 enim
700 1415 854 1502 egrediens
865 1416 1026 1481 clamorem
1038 1415 1170 1480 militum
1182 1415 1316 1498 audivit,

203 1559 279 1620 quos
309 1557 360 1601 rex
387 1535 419 1598 in
448 1533 562 1621 oppido
591 1533 731 1620 praesidii
761 1556 849 1598 causa
871 1533 1032 1619 reliquerat
1039 1561 1048 1614 ς
1077 1556 1256 1599 coneursum
1279 1536 1317 1602 ad

202 1677 233 1720 se
260 1655 325 1720 fieri
348 1654 446 1735 videt,
480 1655 562 1740 quod
588 1655 683 1720 fasoes
706 1653 932 1720 anteferrentur.
978 1653 1016 1718 In
1037 1653 1096 1718 hoo
1119 1654 1216 1720 omnis
1240 1655 1315 1720 mul·

201 1775 300 1839 titudo
316 1775 499 1839 maiestatem
511 1773 623 1859 regiam
636 1773 733 1837 minui
744 1771 942 1859 praedicabat.
976 1771 1049 1836 Non
1062 1772 1170 1836 mirum
1181 1774 1315 1859 profecto

201 1893 343 1958 mobilem
377 1893 522 1980 populum
551 1892 787 1957 Alexandrinum
810 1891 997 1978 principibus
1020 1891 1083 1955 suis
1105 1890 1314 1956 adhaerentem

199 2012 318 2076 infestis
360 2011 454 2076 oeulis
495 2009 628 2075 Caesaris
668 2012 700 2075 in
734 2010 838 2076 urbem
873 2033 957 2075 snam
991 2009 1152 2075 introitum
1186 2009 1313 2086 vidisse,

167 2141 169 2145 ’
199 2131 314 2217 qnippe
337 2153 425 2215 quem
449 2129 509 2194 iem
538 2151 616 2194 anno
645 2128 869 2196 DOLXXXIX
896 2129 937 2195 U.
959 2127 994 2196 (l.
1022 2132 1075 2214 (65
1100 2153 1127 2195 a.
1151 2128 1187 2196 G.
1211 2130 1255 2216 ιι.)
1280 2129 1312 2193 in

198 2256 304 2314 senatu
346 2247 437 2313 verba
477 2248 582 2314 fecisse
619 2247 819 2327 audivissent,
858 2254 892 2313 ut
927 2250 1084 2334 Aegyptus
1120 2247 1152 2312 in
1186 2249 1313 2313 formam

198 2368 370 2455 provinciae
400 2367 595 2453 redigeretur.
641 2367 734 2453 Apud
764 2367 953 2454 Appianum,
989 2390 1057 2433 oum
1086 2368 1210 2434 Lucano
1241 2391 1311 2433 oon-

197 2493 371 2574 gruentem,
402 2486 455 2571 qui
484 2485 558 2550 dioit
588 2485 743 2552 Caesarem
774 2509 820 2551 res
850 2485 1022 2572 cognitione
1051 2486 1158 2574 dignas
1187 2487 1309 2568 risisse,

197 2607 326 2692 legimus
340 2609 366 2692 ²)
390 2609 442 2672 ael
467 2611 573 2688 πρῶτον
593 2607 650 2686 μὲν
663 2605 908 2688 ἀπραγμοσύνην
928 2606 997 2671 τινὰ
1011 2606 1060 2672 ab
1072 2609 1126 2681 τὴν
1139 2605 1311 2684 ὀλιγότητα

196 2731 255 2790 πῶν
282 2725 428 2791 συνόντων
455 2726 640 2808 ὑπεκρίνετο.
688 2725 878 2806 Φιλοφρόνως
902 2751 937 2790 πε
962 2725 1031 2797 τοὺς
1057 2725 1310 2807 ἐντυγχάνοντος

196 2845 370 2926 ἐξεδέχετο.
418 2846 477 2912 Kal
506 2849 561 2922 τὴν
585 2845 674 2912 πόλιν
698 2848 815 2923 περιιὼν
838 2851 891 2912 ποῦ
916 2845 1052 2934 admove
1077 2845 1233 2928 ἑθοούμοοζε
1257 2846 1309 2910 eal

195 2969 255 3030 τῶν
278 2965 458 3048 φιλοσόφον
480 2967 565 3040 stade
592 2973 645 3032 ποῦ
670 2968 803 3041 πλήθους
831 2967 924 3040 ἑστὼς
954 2970 1082 3048 ἠκροᾶτο
1108 2963 1171 3031 ὅθεν
1203 2969 1286 3047 αὐτῷ

195 3085 288 3166 χάριν
316 3111 351 3152 πε
382 3086 433 3151 eal
461 3086 535 3165 δοξον
560 3088 664 3165 dyadis
688 3089 725 3161 ὡς
752 3087 931 3168 νὀπροὶνμονι
957 3087 1044 3168 ποοροὶ
1067 3095 1131 3159 τοῖς
1158 3086 1308 3165 Ἀλεξονν·

196 3205 314 3286 δρεῦοιν
341 3205 465 3288 ἐφύετο.
523 3181 524 3186 ¹
765 3179 767 3184 V

242 3325 275 3390 Si
298 3325 372 3409 quid
391 3326 484 3390 Dioni
501 3326 604 3392 Cassio
622 3327 802 3393 eredendum
818 3333 879 3408 est,
896 3327 1003 3394 Caesar
1020 3350 1083 3393 non
1099 3349 1190 3392 ausus
1209 3302 1310 3391 statim

195 3467 210 3508 e
233 3465 309 3508 nave
331 3444 362 3508 in
385 3451 492 3510 terram
515 3446 630 3532 egredi,
650 3447 832 3532 aliquamdiu
849 3445 984 3512 substitit
996 3447 1090 3513 donee
1106 3446 1203 3532 eapite
1215 3451 1305 3531 atque

194 3560 332 3648 Pompeii
355 3563 466 3627 annulo
489 3563 548 3629 sibi
571 3564 678 3630 oblatis
701 3572 814 3630 metum
837 3564 947 3652 posuit.
986 3565 1072 3630 Idem
1095 3564 1186 3628 tradit
1210 3564 1305 3630 fasces

195 3705 266 3768 prae
294 3681 419 3747 Caesare
447 3682 595 3748 antelatos
623 3683 843 3750 Alexandrinos
879 3683 1003 3750 moleste
1026 3683 1148 3762 tulisse,
1181 3704 1306 3767 eamque

193 3928 426 3938 ——-

227 4082 488 4153 peomne

225 4165 454 4231 oneum
