3308 5138
874 425 934 486 116

351 633 440 699 Unus
473 632 632 718 Appianas
666 631 817 716 copiosius
851 629 1034 714 uberiusque
1066 651 1127 693 rem
1159 630 1365 716 persequitur,
1389 629 1469 715 apud

353 777 443 839 quem
473 751 607 818 Caesaris
637 749 815 834 significatio
840 747 1010 828 verborum,
1046 748 1158 834 quibus
1196 749 1339 814 Lucanus
1369 749 1469 812 utitur

351 871 516 950 invenitur,
539 867 670 955 „parcite
687 890 724 931 nc
737 865 861 931 castris'’
871 893 877 930 :
899 867 1012 952 quibus
1023 868 1122 934 addit:
1148 866 1217 947 ,ita
1234 869 1328 946 μηδὲν
1344 866 1468 947 ἔχωμεν

352 990 390 1056 ἂν
414 991 457 1070 μὴ
482 986 664 1069 κρντῶμεν”
681 990 716 1074 ¹),
735 993 787 1052 aut
799 987 934 1066 vincere,
959 994 1013 1052 aut
1037 987 1112 1050 mori
1127 1009 1246 1052 necesse
1262 993 1321 1052 est:
1345 987 1469 1052 tertium

351 1133 410 1174 non
435 1109 532 1173 datur.
568 1107 667 1188 Quem
690 1105 727 1171 ad
753 1104 875 1169 modum
899 1105 1036 1192 princeps
1058 1107 1224 1171 Mauritius
1248 1106 1327 1192 apud
1343 1107 1467 1171 Nieuu'·

332 1235 449 1316 pooa,
474 1232 583 1292 nautas
595 1227 663 1291 vela
675 1226 772 1291 ventis
785 1225 854 1290 darc
869 1225 959 1289 iussit
978 1248 1015 1290 ne
1034 1225 1289 1291 commilitonibus
1309 1250 1376 1312 spes
1395 1229 1469 1292 effu·

345 1348 455 1434 'giendi
488 1353 658 1434 superesset
692 1345 820 1410 navibus
856 1344 967 1431 quihus
1002 1345 1119 1410 advecti
1154 1353 1255 1424 erant,
1289 1347 1333 1411 sic
1361 1345 1469 1412 Caesar

316 1483 322 1492 ’
350 1473 445 1532 castra
475 1491 529 1532 sua
561 1467 594 1532 in
616 1466 733 1551 integro
757 1487 874 1530 manere
896 1465 1009 1546 noluit,
1045 1465 1214 1530 nemilites
1238 1465 1384 1554 haberent
1408 1489 1467 1552 quo

350 1608 381 1652 se
407 1586 571 1675 reciperent
600 1583 682 1649 clade
712 1590 841 1670 accepta.
888 1585 991 1650 Castra
1013 1583 1154 1670 Pompeii
1180 1583 1219 1648 iis
1247 1591 1341 1649 castra
1363 1586 1468 1650 futura

350 1706 428 1771 uult:
454 1707 487 1770 in
508 1705 560 1769 illo
582 1710 700 1768 tantum
724 1703 803 1768 vallo
827 1703 947 1768 tendere
971 1704 1008 1768 iis
1025 1703 1138 1768 licebit.
1184 1701 1369 1768 Plutarchus
1390 1705 1468 1769 mili·

349 1834 394 1891 tcs
428 1826 547 1890 iussum
581 1824 667 1912 ducis
699 1828 856 1888 exsecutos
887 1845 950 1888 csse
982 1823 1067 1887 testis
1090 1827 1136 1886 est
1152 1825 1194 1907 ἣν
1221 1807 1317 1887 7’Έννεὶ
1347 1823 1379 1891 δὲ
1409 1831 1492 1888 τῶν

350 1951 465 2022 σκηνῶν
488 1945 541 2020 ἤδη
567 1941 826 2022 καταλελυμένων
850 1944 874 2006 oi
898 1942 1003 2006 caraci
1021 1941 1324 2022 προσίππευσαν...
1346 1968 1375 2010 κ.
1391 1968 1420 2010 ν.
1436 1960 1468 2012 λ.

393 2068 475 2132 Laus
497 2065 603 2153 proelii
627 2064 787 2151 diligenter
810 2061 1005 2147 dilucideque
1039 2061 1182 2148 descripti
1216 2062 1340 2126 Lucano
1375 2062 1468 2127 tribui

350 2187 466 2272 nequit.
517 2186 557 2250 In
597 2184 687 2250 rebus
726 2189 827 2248 autem
861 2182 963 2268 magni
999 2180 1144 2244 momenti
1178 2180 1215 2246 ab
1248 2181 1374 2247 historia
1408 2205 1468 2246 non

350 2306 487 2373 discedit.
551 2305 644 2390 Apud
688 2303 881 2368 historiarum
928 2299 1072 2386 scripores
1119 2299 1276 2365 Crastinus
1325 2309 1466 2367 evocatus

352 2424 489 2509 quidam,
523 2424 638 2510 primus
662 2445 698 2488 cx
721 2422 824 2487 dextro
852 2443 942 2486 cornu
973 2420 1196 2506 procucurrisse
1231 2420 1344 2486 dicitur
1374 2429 1466 2508 atquc

351 2542 498 2630 proelium
536 2543 701 2607 inchoasse.
747 2541 784 2604 In
820 2565 889 2606 eum
925 2539 1097 2604 Crastinum
1128 2539 1209 2627 apud
1238 2540 1358 2608 Florum
1393 2566 1466 2628 quo-

351 2685 410 2748 que
443 2662 616 2727 incidimus.
674 2660 838 2726 Scholiasta
873 2660 919 2725 his
957 2659 1021 2724 eius
1064 2659 1244 2724 mentionem
1285 2661 1377 2740 lacit,
1416 2661 1467 2725 ubi

351 2781 445 2846 tradit
477 2781 598 2847 Livium
629 2805 698 2848 eum
739 2781 922 2860 nominasse,
972 2777 1046 2863 ,squi
1088 2777 1203 2864 primus
1226 2779 1285 2842 tela
1318 2779 1467 2845 iaculatus

352 2901 392 2965 sit
425 2902 458 2966 in
492 2901 628 2988 Pompeii
652 2899 777 2966 aciem’'.
823 2899 892 2964 Hoc
921 2897 1017 2982 igitur
1045 2918 1080 2961 ex
1110 2897 1199 2962 Livio
1223 2921 1339 2963 sumere
1365 2900 1468 2986 potuit

350 3027 449 3108 pocta.
495 3019 625 3086 Crastini
657 3042 765 3084 noman
790 3017 869 3104 apud
893 3017 1065 3102 Appianum
1098 3039 1221 3102 quoque
1252 3017 1379 3104 legitur,
1414 3021 1467 3106 qui

351 3163 428 3226 quae
462 3139 499 3204 de
533 3161 567 3204 eo
601 3145 711 3203 narrat'
732 3161 767 3202 ex
799 3135 888 3202 Livio
911 3135 1034 3200 fortasse
1056 3136 1092 3200 de
1114 3137 1271 3223 prompsit.
1318 3141 1360 3204 At
1393 3162 1466 3204 nus·

353 3283 445 3347 quam
486 3258 625 3335 Livium
648 3263 753 3322 testem
799 3256 889 3332 citat,
938 3255 1079 3340 quoniam
1121 3263 1222 3321 autem
1259 3258 1363 3343 paucis
1398 3267 1466 3324 anta

350 3379 450 3446 Asinii
480 3377 626 3443 Pollionis
658 3377 769 3442 mentio
802 3377 852 3457 fir,
883 3375 986 3462 potius
1006 3397 1074 3441 eum
1094 3381 1125 3440 et
1149 3376 1199 3442 hic
1222 3377 1286 3443 eius
1309 3378 1466 3444 historiam

351 3498 536 3564 cousuluisse
560 3497 744 3562 crediderim.

392 3617 519 3703 Equites
552 3640 570 3680 a
603 3615 723 3680 sinistro
753 3615 890 3701 Pompeii
913 3636 1008 3680 cornu
1036 3615 1168 3682 universi
1190 3615 1338 3703 impetum
1360 3617 1465 3682 fecisse

350 3736 457 3802 Caesar
495 3739 604 3800 narrat.
650 3733 740 3798 Hunc
773 3734 921 3822 impetum
950 3735 1083 3801 Caesaris
1118 3735 1289 3821 equitatum
1322 3757 1382 3801 non
1417 3743 1464 3801 tu·

349 3855 436 3937 lisse,
472 3855 524 3920 sed
559 3853 714 3942 paullatim
738 3855 806 3920 loco
840 3861 955 3922 motum
978 3857 1099 3922 cessisse
1123 3863 1251 3942 uterque
1274 3857 1411 3944 scriptor,
1435 3863 1465 3922 et

381 4141 402 4210 1)
421 4139 452 4194 Β.
471 4140 500 4196 C.
519 4139 559 4198 Il.
579 4143 622 4202 74.

378 4225 399 4300 ²)
418 4226 491 4286 Caes.
510 4227 611 4287 XLIV.
