3296 5132
869 451 910 512 68

490 659 581 738 Non,
604 681 673 723 cum
698 656 882 721 Memnoniis
904 655 1054 721 deducens
1077 655 1197 740 agmina
1219 655 1321 742 regnis

489 776 599 863 Cyrus,
623 784 653 841 et
676 776 957 840 effusisnumerato
980 773 1077 839 milite
1099 775 1169 838 telis

490 895 653 961 Descendit
677 897 797 974 Perses,
822 893 1005 978 fraternique
1028 894 1110 958 ultor
1132 893 1241 957 amoris

491 1018 633 1100 Aequora
649 1005 726 1079 ¹cum
751 1013 843 1078 tantis
864 1013 1010 1099 percussit
1033 1011 1196 1092 elassibus,
1216 1033 1309 1076 unum

496 1135 555 1198 Tot
577 1156 661 1220 reges
684 1133 813 1198 habuere
836 1132 952 1197 ducem.
997 1130 1103 1195 Coiere
1125 1153 1180 1196 nee
1202 1152 1338 1214 unquam

490 1252 563 1318 Tam
591 1253 690 1318 variae
713 1252 796 1318 cultu
819 1257 940 1338 gentes,
965 1257 1027 1315 tam
1050 1251 1169 1316 dissona
1193 1249 1277 1335 vulgi

491 1371 561 1438 Ora.
1180 1373 1242 1434 290

380 1455 512 1570 Auctor,
548 1445 648 1575 equo
672 1490 827 1556 Massiliae
850 1488 1036 1554 obsidionem
1060 1371 1177 1575 optime(
1200 1371 1359 1567 nolimus,
1382 1486 1404 1552 i.
1426 1507 1451 1551 e.

336 1606 444 1674 Caesar
477 1609 510 1673 in
545 1609 773 1674 Commentariis
807 1609 843 1673 de
866 1609 949 1673 Bello
977 1607 1085 1688 Civili,
1113 1630 1168 1672 nos
1191 1606 1278 1671 docet
1292 1609 1334 1691 ¹),
1358 1605 1452 1670 Luca·

335 1749 409 1792 num
432 1727 590 1813 diligenter
618 1735 648 1792 et
676 1728 790 1792 curiose
820 1749 866 1792 res
888 1733 987 1811 gestas
1017 1725 1218 1811 descripsisse.
1252 1724 1452 1789 Massilienses

339 1846 459 1932 'legatos
483 1845 602 1911 Caesari
625 1845 746 1911 obviam
769 1845 929 1924 miserant,
953 1845 1005 1930 qui
1028 1866 1132 1931 paoem
1155 1850 1306 1930 peterent,
1334 1843 1382 1906 vel
1404 1863 1452 1928 po·

335 1965 398 2030 tius
420 1965 479 2030 sibi
502 1963 689 2030 obsidionem
712 1965 956 2050 deprecarentur:
981 1963 1106 2030 multam
1137 1963 1218 2028 enim
1244 1967 1307 2026 tam
1338 1959 1452 2025 Caesari

337 2106 427 2168 quam
459 2084 604 2171 Pompeio
634 2083 794 2165 debebant,
819 2105 948 2176 quorum
972 2083 1045 2148 alter
1060 2105 1154 2174 agros
1177 2081 1358 2160 Volcarum,
1383 2083 1453 2144 Are·

334 2199 519 2268 'comicorum
554 2209 585 2267 et
618 2202 797 2267 Helviorum
831 2203 951 2288 publice
978 2200 1026 2266 iis'
1040 2209 1243 2280 concesserat,
1273 2201 1349 2264 alter
1378 2199 1452 2263 bello

334 2318 431 2386 ¹victos
454 2322 569 2406 Sallyos
593 2320 769 2386 attribuerat
790 2321 1007 2407 vectigaliaque
1030 2326 1163 2384 auxerat.
1209 2318 1339 2384 Paribus
1362 2317 1454 2404 igitur

335 2437 487 2502 beneficiis
515 2461 616 2524 parem
647 2439 831 2503 voluntatem
861 2437 992 2503 tribuere
1022 2437 1178 2518 volebant,
1206 2459 1304 2522 neque
1332 2437 1452 2500 alterum

336 2558 439 2621 contra
460 2557 585 2622 alterum
609 2557 712 2622 iuvare
736 2566 788 2621 aut
814 2557 888 2621 urbe
911 2563 963 2620 aut
986 2556 1124 2642 portibus
1146 2557 1277 2642 recipere
1300 2555 1334 2619 in
1357 2555 1455 2620 animo

337 2683 409 2742 erat.
443 2673 561 2741 Caesari
585 2676 661 2740 banc
685 2675 855 2761 opinionem
879 2675 1005 2761 probare
1029 2674 1210 2760 nequibant,
1233 2689 1328 2760 quum
1346 2674 1457 2760 optime

337 2794 442 2875 sciret,
476 2793 694 2874 Massilienses,
720 2793 895 2858 simulantes
919 2816 950 2857 se
973 2794 1111 2858 neutrius
1134 2794 1229 2880 partis
1252 2816 1329 2873 esse,
1358 2813 1457 2858 revera

335 2911 474 2997 Pompeii
509 2912 638 2976 fautores
673 2913 809 2992 futuros;
844 2935 904 2996 qua
938 2935 968 2976 re
991 2920 1144 2998 permotus
1176 2920 1237 2977 tres
1260 2913 1397 2998 legiones
1420 2910 1457 2974 ad

337 3030 504 3096 Massiliam
532 3031 670 3117 perducit
705 3031 866 3116 omniaque
893 3054 981 3118 opera
1014 3031 1052 3096 ad
1084 3031 1316 3119 oppugnandam
1351 3031 1457 3095 urbem

332 3149 438 3235 parat,
461 3156 491 3214 et
514 3148 672 3215 duodecim
695 3149 821 3214 navibus
847 3149 963 3235 longis,
986 3149 1066 3214 intra
1088 3151 1213 3236 triginta
1247 3149 1364 3214 dierum
1393 3171 1457 3235 spa·

333 3268 418 3332 'tium
439 3267 619 3346 aedificatis,
642 3266 771 3332 Brutum
793 3268 942 3353 praeficit,
967 3290 1060 3352 quum
1085 3267 1118 3335 C.
1142 3267 1343 3348 Trebonium,
1372 3268 1458 3332 cuius

334 3391 449 3450 'nomen
472 3385 551 3471 apud
574 3385 732 3451 Lucanam
756 3408 816 3450 non
835 3385 1014 3470 reperimus,
1035 3385 1072 3450 ad
1096 3387 1351 3474 oppugnationem
1370 3386 1458 3452 relin-

333 3510 454 3588 queret.
499 3503 569 3590 Ipse
591 3504 623 3568 in
647 3503 826 3590 Hispaniam
849 3503 1057 3590 proficiscitur.

385 3621 484 3707 Ipsius
518 3623 666 3688 enarratio
699 3621 864 3688 obsidionis
897 3645 914 3686 a
947 3621 1069 3688 Lucano
1103 3623 1226 3690 liberius
1250 3631 1341 3710 atque
1363 3625 1459 3714 negli-

341 3740 461 3827 gentius
483 3746 639 3807 tractatur.
685 3740 831 3828 Tempora
852 3740 1088 3807 Massiliensium
1101 3743 1285 3808 excursionis
1298 3748 1329 3807 et
1341 3767 1459 3832 pugnae

341 3857 455 3924 navalis
485 3858 727 3940 confunduntur,
759 3881 853 3943 quum
884 3859 1025 3926 Lucanus
1058 3883 1192 3947 pugnam
1225 3862 1362 3930 navalem
1391 3870 1460 3952 post
