3308 5138
829 363 890 429 104

498 572 676 661 Hesperiam
700 573 803 660 potui,
826 579 913 639 motu
936 577 1091 660 surgente,
1114 578 1230 655 tenere,

500 693 533 758 si
556 693 662 758 vellem
685 692 790 780 patriis
814 693 908 758 aciem
930 691 1118 758 committere
1141 689 1259 778 templis

500 814 546 878 Ao
569 811 666 877 medio
688 834 821 900 pugnare
842 812 917 879 loro.
964 813 1052 897 (324)

304 930 427 998 licentia
444 932 563 1019 politica
581 931 684 1018 scripti
700 939 787 1013 sunt,
805 953 898 1017 quum
925 930 1048 1016 quidem
1070 952 1140 996 cnm
1161 930 1301 996 universa
1323 932 1414 996 Pom·

303 1051 476 1138 peianorum
513 1053 585 1139 fuga
625 1074 661 1118 ex
704 1050 794 1116 Italia
835 1049 960 1117 Caesare
993 1049 1106 1156 Romae
1139 1049 1415 1137 appropinquante,

307 1169 430 1235 minime
467 1192 628 1257 congruere
662 1168 834 1236 videantur.
889 1168 957 1233 Hoc
993 1173 1093 1233 autem
1126 1167 1243 1233 Lucani
1275 1168 1416 1234 manibus

305 1289 415 1354 solacio
437 1310 500 1354 esse
521 1289 635 1376 possit,
658 1311 726 1354 eum
750 1309 813 1354 non
834 1289 934 1354 solnm
956 1309 1078 1354 errasse.
1106 1286 1167 1351 Dio
1191 1285 1313 1352 Cassius
1335 1288 1416 1354 enim

306 1406 429 1473 eandem
458 1406 629 1493 opinionem
660 1405 796 1472 venditat
825 1406 956 1472 scribens
975 1410 1019 1491 ll:
1051 1407 1084 1470 ἐκ
1118 1406 1150 1471 δὲ
1176 1406 1210 1481 δὴ
1237 1414 1293 1481 τῆς
1319 1409 1416 1482 αὐτῆς

304 1525 421 1602 ταύτης
454 1525 586 1598 διανοίας
616 1526 683 1592 οὔδε
715 1527 757 1598 εἰς
791 1526 845 1600 τὴν
884 1525 1024 1590 Ἰταλίαν
1060 1525 1123 1592 οὔτ’
1146 1526 1239 1599 αὐτὸς
1267 1525 1417 1593 ἔπλευσεν

306 1644 370 1711 οὔτ’
400 1643 515 1718 ἄλλους
546 1644 632 1719 τινὰς
663 1644 808 1727 ἔπεμψε,
837 1644 936 1710 καίτοι
971 1644 1076 1729 ῥᾳδίως
1108 1644 1146 1710 ἂν
1178 1648 1285 1711 πᾶσαν
1320 1647 1418 1718 αὐτὴν

310 1755 492 1845 Ικαιτοισχών.
528 1751 623 1848 Quae
658 1765 745 1831 nobis
774 1787 879 1830 rursus
917 1766 1088 1832 testimonio
1119 1774 1191 1832 sunt
1223 1767 1354 1833 Dionem
1388 1773 1419 1832 et

306 1884 463 1952 Lucanum
486 1907 523 1951 ex
546 1885 648 1951 eotlem
671 1884 754 1950 fonte
777 1883 921 1949 hausisse.

351 2002 457 2071 ansar
470 2005 504 2069 in
513 2004 694 2070 Thessaliam
707 2002 859 2090 profectus
876 2009 981 2090 politae
999 2009 1178 2090 potestatem
1198 2005 1249 2071 dat
1264 2006 1420 2073 historiam

309 2123 480 2205 enarrandi,
513 2123 631 2190 adeam
650 2123 801 2211 regionem
822 2122 1032 2208 pertinentem.
1078 2124 1141 2204 „Le
1169 2131 1232 2189 mot
1255 2161 1298 2176 -
1320 2126 1422 2210 inquit

308 2240 420 2306 Nisard
442 2244 467 2327 ⁹)
495 2278 538 2294 -
567 2240 671 2308 ereille
700 2242 730 2308 la
761 2239 883 2306 chose.''
938 2241 1064 2307 Nullius
1093 2242 1223 2330 regionis
1261 2244 1421 2331 descriptio

308 2359 403 2446 magis
433 2367 503 2448 apta
532 2362 651 2427 videtur
681 2361 718 2426 ad
744 2359 942 2426 eruditionem
965 2362 1189 2443 ostentandam,
1214 2384 1303 2448 quam
1326 2362 1420 2451 ipsius

308 2478 477 2545 Thessaliae
482 2507 492 2561 ;
520 2481 602 2546 nulla
624 2480 703 2546 enim
725 2479 808 2567 regio
832 2480 937 2545 clarior
960 2479 999 2545 oh
1017 2486 1111 2546 artem
1132 2481 1289 2568 magicam.
1327 2482 1419 2550 Thes·

307 2597 414 2662 salicae
448 2600 596 2664 veneticae
633 2598 769 2664 omnibus
808 2607 906 2667 notae.
954 2599 1054 2665 Unam
1090 2623 1126 2666 ex
1164 2623 1266 2666 earum
1295 2623 1420 2667 numero

308 2716 432 2783 Sextum
454 2718 631 2804 Pompeium
654 2719 839 2784 consuluisse
860 2720 1001 2787 Lucanus
1024 2719 1128 2799 linxit,
1155 2719 1244 2785 cuins
1266 2722 1310 2786 rei
1331 2743 1419 2786 nemo

309 2837 482 2924 ceteroquin
493 2838 578 2903 testis
590 2844 645 2904 est.
670 2839 765 2904 Poeta
777 2838 876 2904 herois
889 2838 985 2904 filium
996 2861 1149 2926 perperam
1169 2840 1301 2926 „prolem
1313 2861 1420 2927 magno

308 2963 432 3043 parente
453 2957 628 3046 indignam”
658 2965 755 3026 vocat.
800 2959 838 3026 D.
858 2958 967 3024 Iunius
996 2959 1108 3024 Brutus
1139 2958 1269 3024 Albinus
1300 2960 1420 3047 scripsit

308 3075 347 3142 ad
368 3075 496 3142 Brutum
519 3084 550 3142 et
568 3077 705 3144 Cassium
728 3101 806 3144 anno
821 3077 932 3144 Dccx
954 3102 981 3144 a.
1006 3076 1047 3142 U.
1070 3076 1104 3142 Ο.
1129 3079 1183 3162 (48
1207 3100 1234 3142 a.
1257 3076 1291 3143 Ο.
1310 3081 1354 3164 n.)
1376 3082 1419 3163 sl:

310 3195 413 3278 ''Quia
425 3195 478 3262 ubi
490 3196 689 3263 consistamus
713 3221 773 3262 non
795 3196 939 3263 habemus
961 3203 1078 3285 praeter
1101 3198 1225 3263 Sextum
1245 3197 1421 3286 Pompeium

309 3323 340 3380 et
362 3315 487 3382 Bassum
500 3315 674 3396 Caecilium,
697 3318 749 3404 qui
772 3317 848 3383 mihi
871 3317 1012 3383 videntur
1034 3317 1091 3382 hoc
1113 3317 1220 3382 nuntio
1244 3316 1280 3382 do
1298 3316 1422 3384 Caesare

310 3434 408 3500 adlato
427 3435 617 3502 firmiores
635 3435 764 3518 luturi”;
782 3437 834 3503 red
855 3436 912 3502 hoo
934 3437 973 3503 ad
991 3435 1141 3523 posterius
1160 3442 1279 3524 tempus
1297 3442 1420 3523 spectat,

311 3561 346 3620 ut
375 3556 435 3621 iam
465 3580 580 3638 annus,
609 3579 668 3643 quo
697 3556 834 3644 Epistola
863 3558 973 3644 scripta
995 3562 1057 3638 est,
1081 3577 1135 3622 nos
1158 3556 1255 3623 docet.
1298 3556 1421 3622 Sextum

311 3673 440 3760 piratam
476 3676 601 3757 habere,
640 3683 674 3742 ut
713 3699 730 3740 a
764 3676 888 3742 Lucano
922 3675 1063 3756 habetur,
1098 3675 1163 3741 fieri
1203 3697 1264 3741 non
1305 3682 1420 3763 potest,

344 4000 363 4062 ¹l
382 3998 412 4054 Β.
431 3999 460 4056 C.
479 3998 552 4057 XLI.
572 4005 613 4059 52.

343 4084 364 4154 ²)
383 4083 437 4140 Ill.
455 4102 498 4158 pg.
517 4088 560 4146 71.

342 4170 363 4240 θ)
381 4168 465 4242 Epist.
485 4171 517 4228 ad
535 4174 607 4232 Fam.
626 4173 675 4234 XI.
694 4178 719 4233 1.
