3296 5132
800 413 899 496 ,aa

316 613 425 704 Neque
437 614 523 706 plura
538 616 645 684 Florus
658 619 725 686 dat:
753 619 883 700 „Pulsus
895 619 1016 685 Etruria
1030 619 1106 685 Lino
1113 671 1122 701 ,
1136 621 1262 686 Umbria
1274 622 1433 701 Thermus,

316 735 471 803 Domitius
495 733 660 803 Corfinio”.
706 737 845 812 Eundem
865 739 990 824 quidem
1014 740 1166 822 ordinem,
1191 763 1281 826 quem
1293 741 1440 807 Lucanus

313 863 437 922 secutus
469 863 531 939 est,
571 865 721 924 servatum
753 859 906 938 videmus,
936 859 988 932 sed
1020 859 1123 940 Sulla,
1147 859 1314 940 Lentulus,
1340 860 1440 925 Varus

317 976 512 1055 exciderunt,
535 1000 668 1062 quorum
691 1001 729 1044 ne
752 979 876 1045 nomina
900 979 1023 1065 quidem
1041 986 1255 1046 memorantur.
1290 979 1438 1062 Orosius,

320 1097 374 1182 qui
395 1097 450 1163 hac
470 1119 593 1184 quoque
612 1098 643 1164 in
656 1122 688 1164 re
701 1097 860 1164 verborum
873 1121 981 1186 parcus
994 1107 1054 1179 cst,
1078 1098 1232 1164 Caesarem
1246 1101 1353 1180 refert,
1378 1108 1440 1166 tres

315 1217 464 1304 legiones,
497 1241 575 1307 quae
606 1240 676 1282 oum
704 1218 842 1283 Domitio
872 1219 953 1305 apud
973 1211 1141 1284 Corfinium
1167 1227 1375 1299 morarentur,
1400 1218 1440 1283 ad

314 1344 414 1422 partes
442 1359 513 1403 suas
534 1337 713 1404 traduxisse.
749 1337 817 1402 Hoc
841 1359 873 1402 re
898 1359 969 1403 vera
991 1337 1106 1402 iactum
1127 1360 1191 1402 esse
1214 1337 1305 1404 etiam
1328 1337 1440 1403 Caesar

316 1455 402 1521 testis
435 1459 506 1537 est,¹
532 1479 715 1543 quamquam
750 1455 786 1522 de
825 1456 960 1521 numeris
987 1456 1141 1543 legionum
1173 1479 1227 1543 pro
1260 1465 1341 1522 certo
1376 1456 1440 1522 dici

315 1575 393 1640 nihil
414 1581 523 1662 potest.

360 1695 521 1762 Lucanum
544 1697 621 1762 hanc
644 1696 876 1783 descriptionem
899 1719 935 1762 ex
958 1696 1081 1762 Caesare
1105 1695 1172 1783 ipso
1194 1697 1316 1784 petiisse
1334 1699 1439 1783 (quem

316 1815 355 1881 ad
395 1815 521 1901 modum
560 1815 625 1880 sine
661 1816 723 1882 ulla
765 1815 972 1892 dubitatione,
1022 1815 1072 1880 hio
1113 1816 1234 1896 saitem,
1278 1817 1438 1903 Appianas

315 1935 404 2017 fecit,
440 1935 494 2022 qui
528 1958 564 2000 ex
599 1935 681 2000 omni
715 1942 799 2022 parte
833 1957 904 2001 cum
933 1934 1058 2000 Caesare
1077 1935 1237 2021 consentit)
1273 1935 1438 2002 verisimile

316 2079 376 2122 non
407 2064 467 2138 est,
503 2057 575 2143 quia
602 2079 639 2120 ex
673 2055 797 2122 Caesare
823 2054 994 2120 Domitium
1016 2054 1200 2141 proditorem
1223 2055 1436 2141 cognovimus,

319 2176 479 2242 Lucanum
513 2181 616 2242 autem
651 2198 722 2240 enm
746 2181 845 2262 partes
875 2173 1059 2260 magnanimi
1083 2181 1114 2238 et
1137 2151 1247 2259 integri
1271 2174 1327 2239 viri
1350 2197 1438 2261 agere

316 2295 427 2362 voluit.
445 2335 484 2347 -
503 2295 628 2362 Accedit
652 2294 734 2380 quod
761 2295 941 2380 Pompeium
964 2293 1108 2358 Lucanus
1139 2294 1275 2358 nescium
1298 2293 1439 2380 depingit

316 2414 446 2481 Domitii
477 2415 576 2481 sortis,
611 2413 703 2496 Quod
731 2420 836 2478 utrum
860 2436 956 2478 errore
978 2436 1015 2477 au
1039 2412 1180 2477 consulto
1203 2419 1292 2498 po'eta
1314 2413 1435 2490 fecerit,

317 2535 477 2601 nescimus.
524 2534 557 2598 Si
588 2534 664 2620 quid
689 2533 859 2598 Mommsen
884 2532 1001 2596 credere
1024 2532 1070 2596 fas
1093 2539 1156 2612 est,
1192 2531 1313 2596 aiteram
1337 2531 1437 2618 opini-

318 2676 406 2719 onem
423 2675 525 2718 veram
544 2676 608 2718 esse
631 2653 719 2719 fateri
742 2658 861 2738 oportet
883 2654 920 2736 ⁹).
968 2653 1028 2731 „So
1050 2652 1109 2715 fest
1128 2687 1171 2700 —
1190 2651 1292 2736 inquit
1308 2687 1348 2700 —
1363 2649 1438 2714 hielt

318 2773 384 2838 sich
418 2771 576 2838 Domitius
611 2773 776 2858 iiberzeugt
810 2753 877 2835 dass
905 2771 1069 2857 Pompeius
1097 2792 1157 2834 nur
1186 2793 1241 2834 aus
1269 2770 1436 2856 Eigensinn

318 2893 460 2974 candere,
491 2893 555 2958 und
583 2891 778 2976 nothnendig
807 2911 875 2954 zum
908 2889 1012 2954 Ersatz
1043 2888 1287 2954 herbeikommen
1318 2896 1436 2968 mussa,

317 3013 385 3078 dass
410 3035 442 3079 er
464 3011 556 3078 kaum
580 3011 643 3076 sich
667 3009 810 3074 ernstlich
832 3008 888 3074 auf
905 3008 954 3074 die
972 3007 1162 3095 Belagernng
1174 3009 1287 3094 gefasst
1300 3007 1435 3090 maohte,

319 3133 383 3197 und
405 3132 491 3197 nicht
513 3131 624 3196 einmai
656 3130 705 3194 die
727 3129 760 3193 in
782 3128 832 3194 dia
860 3127 1049 3214 umliogende
1072 3128 1177 3193 Stadte
1203 3128 1355 3214 verlcgten
1378 3129 1437 3193 ee-

319 3250 538 3318 crutenhausen
580 3249 612 3315 in
655 3247 823 3314 Corfinium
864 3269 1102 3333 zusammenaog.
1162 3247 1328 3335 Pompeius
1367 3247 1440 3312 aber

319 3371 454 3438 erschien
476 3370 577 3450 nicht,
601 3368 665 3433 und
689 3391 743 3432 aus
761 3365 1043 3454 guteanrunden,
1064 3367 1142 3431 denn
1166 3367 1248 3432 scine
1260 3367 1369 3432 beiden
1382 3389 1438 3432 uu·

319 3489 538 3574 aurerldssigen
574 3487 728 3574 Legionen
762 3488 877 3552 kdante
909 3507 941 3550 er
964 3485 1040 3582 nohl
1064 3485 1107 3550 als
1131 3485 1284 3551 Rdckhalt
1308 3486 1358 3550 fsrr
1380 3487 1439 3551 den

321 3607 519 3674 Picenischen
541 3607 725 3673 Landstnrm
750 3604 943 3684 verwenden,
967 3603 1036 3669 eber
1059 3604 1418 3670 nichtmetihncuailein
1430 3599 1444 3686 ,⁴

322 3729 431 3793 Caesar
453 3726 502 3790 die
525 3725 660 3790 schlacht
682 3720 855 3790 anbieten.”

359 3845 519 3931 Pompeius
545 3843 680 3907 Domitio
707 3842 842 3927 roganti,
866 3847 903 3906 ut
925 3840 983 3906 sibi
997 3840 1112 3905 auxilio
1126 3842 1258 3924 veniret,
1284 3845 1440 3933 rescripse-

337 4033 608 4046 ...-——---—··-·

352 4119 574 4192 nudam

352 4220 373 4291 2)
392 4215 427 4274 n.
446 4215 478 4274 a.
496 4213 552 4272 111.
570 4230 614 4286 pg.
633 4213 694 4272 aer.
