3308 5138
665 427 759 498 Ι99

175 657 244 721 spes
270 641 370 699 tamen
393 633 509 699 fefellit.
555 631 688 697 Fortuna
711 633 843 698 secunda
866 639 1022 720 tantopere
1043 631 1207 721 Pompeius
1219 654 1294 698 usus
1403 646 1405 652 '
1436 647 1438 652 '

118 815 121 822 .
175 776 239 820 esse
261 759 415 836 narratur,
448 759 483 818 ut
501 751 612 817 bellum
631 751 823 833 confecisset,
847 753 873 817 si
895 753 1051 819 Caesarem
1071 777 1132 820 nno
1154 755 1219 820 ictu
1242 774 1295 817 vo·

174 870 282 936 luisset
313 847 420 938 delere.
466 869 631 937 Clementia
664 875 765 936 autem
800 871 917 954 victus,
952 895 1053 940 socero
1087 872 1134 940 vir
1165 871 1295 940 liberalis

173 989 322 1076 pepercit:

371 1108 507 1174 Ultimus
529 1132 593 1208 esse
614 1109 695 1192 dies,
719 1110 794 1192 tibi,
817 1111 930 1193 Roma,
953 1111 1098 1179 malorum

372 1227 463 1294 Exire
485 1251 502 1294 e
525 1228 631 1294 mediis
653 1229 754 1316 potnit
780 1229 935 1296 Pharsalia
957 1231 1039 1299 fatis.
1179 1232 1269 1318 (313)

220 1346 280 1434 Spe
302 1346 438 1428 abiecta,
468 1369 528 1433 qna
554 1349 671 1415 ratione
690 1349 789 1417 adhuc
816 1349 926 1416 bellum
949 1351 1104 1438 gessisset,
1135 1349 1298 1416 adversarii

174 1465 332 1548 vincendi,
356 1466 465 1532 ansar
486 1467 666 1535 Thessaliam
697 1470 785 1556 petit.
831 1470 1008 1558 Pompeium
1031 1469 1188 1535 inimicum
1210 1490 1294 1534 secu·

174 1594 279 1651 turum
302 1587 428 1652 comites
451 1610 468 1652 a
491 1587 615 1654 consilio
638 1611 774 1655 revocare
797 1595 962 1671 conantur;
995 1589 1103 1656 melius
1118 1588 1207 1655 enim
1229 1589 1294 1653 fore

175 1705 282 1772 dicunt
324 1706 453 1792 patriam
492 1712 607 1793 petere,
658 1731 741 1775 nunc
782 1709 869 1775 hoste
916 1715 1076 1778 carentem.
1132 1707 1295 1794 Pompeius

174 1848 245 1891 nero
273 1831 408 1906 recusat3
441 1848 624 1912 ,numquam
654 1828 756 1913 inquit
785 1851 833 1895 me
855 1828 971 1916 patriae
1000 1828 1136 1916 exemplo
1159 1825 1293 1892 Caesaris

174 1943 316 2024 reddam,
359 1967 524 2031 numquam
557 1969 606 2012 me
644 1946 740 2012 Rama
773 1947 894 2014 videbat
926 1949 1120 2031 redeuntem,
1158 1948 1218 2013 nisi
1252 1949 1296 2014 di·

174 2063 267 2128 misso
297 2061 426 2130 milite.’'
470 2063 570 2151 Rogat
603 2087 678 2132 num
711 2067 929 2133 commilitones
959 2073 1067 2155 putent
1090 2089 1123 2133 se
1149 2066 1295 2132 victorem

173 2184 291 2248 Romae
331 2181 464 2268 quietem
506 2190 695 2271 erepturum,
741 2186 795 2272 qui
829 2186 934 2253 urbem
968 2186 1083 2274 fugerit
1115 2208 1153 2254 ne
1187 2185 1298 2273 proelia

174 2308 353 2389 premerent.

374 2422 441 2504 Ah,
464 2423 567 2509 potius
590 2422 664 2489 belli
686 2446 724 2489 ne
746 2423 820 2509 quid
841 2423 965 2510 patiaris
988 2423 1021 2490 in
1044 2423 1104 2490 isto

374 2542 416 2606 Te
438 2540 547 2608 Caesar
569 2549 658 2629 putat
681 2566 744 2610 esse
766 2546 868 2610 suam!
1094 2544 1183 2630 (328)

219 2660 375 2727 Caesarem
414 2662 510 2748 igitur
550 2663 697 2749 persecuti
738 2663 769 2728 in
810 2663 993 2730 Thessaliam
1028 2663 1169 2744 veniunt,
1220 2685 1297 2748 quae

157 2793 237 2866 'qno
259 2781 349 2847 modo
373 2782 431 2848 sita
455 2781 512 2865 sit,
536 2788 626 2870 poeta
649 2783 808 2865 describit,
833 2805 928 2869 quum
944 2783 1004 2848 lere
1023 2788 1143 2848 centum
1159 2781 1295 2848 versibus

178 2903 296 2989 copiose
318 2902 434 2969 fabulas
458 2901 503 2968 ibi
526 2903 612 2968 fictas
634 2908 806 2990 pertractat.

221 3021 322 3103 Quem
356 3021 394 3087 ad
427 3021 552 3088 modum
586 3022 721 3110 Appium
754 3023 833 3088 libro
856 3020 963 3107 quinto
985 3019 1148 3086 Oracnlum
1169 3017 1315 3107 Delphi·'

178 3163 246 3208 cum
269 3141 428 3208 adeuntem
451 3143 600 3226 vidimus,
623 3149 712 3230 poeta
733 3164 817 3208 nunc
831 3141 955 3207 Sextum
968 3117 1145 3228 Pompeium
1158 3140 1293 3228 ,prolem

179 3259 334 3348 indignam
357 3284 467 3349 magno
495 3260 649 3349 parente’',
672 3267 708 3327 ut
729 3263 869 3329 Lucanus
888 3260 1014 3325 affirmat
1021 3285 1031 3339 3
1054 3260 1158 3327 futura
1180 3260 1294 3325 sciendi

178 3379 316 3462 avidum,
340 3357 498 3446 venificam
520 3379 719 3446 Thessalicam
742 3380 945 3448 consulentem
970 3377 1070 3466 fingit.
1115 3379 1296 3447 stimulante

178 3505 261 3567 metu
273 3498 311 3566 ad
324 3499 566 3588 cognoscendum
578 3499 634 3566 lati
645 3523 775 3581 cursum,
788 3521 894 3566 arcana
906 3503 1055 3564 scrutatur
1066 3496 1147 3586 apud
1158 3496 1294 3580 Erichto,

179 3643 254 3706 quae
284 3642 368 3684 more
398 3619 578 3706 reliquarum
607 3620 807 3686 veneficarum
830 3624 929 3707 spreto
950 3617 1055 3685 urbem
1069 3601 1175 3705 tegit,
1198 3617 1295 3684 deser·

179 3743 272 3823 teque
292 3737 421 3817 incolit,
451 3739 594 3805 cadavera
617 3757 760 3824 quaerens
789 3760 883 3824 eaque
916 3737 1044 3803 lacerata
1067 3735 1106 3801 ad
1128 3758 1196 3802 snas
1218 3742 1297 3802 artes

180 3857 335 3926 adhibens.
369 3857 446 3924 hlam
458 3880 526 3924 cnm
538 3857 700 3924 comitibus
711 3863 805 3924 noctu
815 3854 924 3923 Sextus
936 3853 1007 3921 visit
1019 3853 1195 3941 invenitque
1205 3855 1296 3922 inter·

179 3983 283 4064 rogata
295 3999 331 4042 ex
343 3977 495 4057 cadavere,
518 3977 601 4064 quod
611 3977 774 4059 reviviscit,
794 3977 929 4057 Sextum,
948 3974 1090 4062 pavidum
1103 3982 1210 4042 ornatu
1221 3977 1294 4042 arti·

180 4095 297 4182 busque
319 4095 439 4162 alterins
450 4096 604 4175 Canidiae,
627 4097 731 4163 futura
743 4096 898 4162 sciendum
910 4100 1005 4161 curat.
1028 4093 1111 4160 Mala
1123 4099 1152 4160 et
1163 4093 1295 4161 infausta

181 4216 325 4282 Romanis
348 4222 379 4283 et
401 4224 471 4282 ante
493 4217 593 4284 omnia
615 4217 769 4304 Pompeiis
791 4216 917 4283 cadaver
939 4214 1092 4306 praedicat
1111 4215 1296 4302 vaticinans:

1142 4332 1190 4400 qa
