3308 5138
850 414 911 475 122

306 610 309 616 ’
367 618 454 701 Quae
494 618 564 684 dein
604 617 760 685 Lucanus·
785 619 873 706 fingit
907 642 924 684 a
957 619 1040 685 nullo
1079 621 1224 708 scriptore
1264 625 1437 690 traduntur.
1501 599 1506 604 Ι

321 739 430 806 Caesar
451 759 512 803 non
534 737 560 802 is
583 743 661 820 erat,
689 739 749 804 iam
772 738 892 825 saepius
916 738 1062 821 diximus,
1088 741 1142 826 qui
1165 743 1320 829 sanguime
1342 745 1438 810 effuso

298 857 516 924 delectaretur
523 906 533 938 ‚
569 858 624 944 qui
661 857 789 924 libenter
827 858 922 924 oculis
952 881 1073 946 campos
1104 859 1160 926 sub
1192 861 1274 928 clade
1303 864 1438 930 lucentes

321 977 482 1057 lustraret,
509 977 564 1062 qui
594 977 747 1042 fortunam
778 983 808 1044 et
830 1000 953 1064 superos
976 1001 1047 1044 euos
1069 979 1101 1045 in
1124 981 1271 1068 sanguine
1293 989 1438 1049 cerneret.

320 1097 380 1162 Pro
414 1119 485 1162 vero
520 1097 655 1186 accipere
688 1121 795 1185 rogum
830 1097 1027 1164 cadaveribus
1059 1105 1203 1186 negatum
1226 1124 1291 1166 essa
1315 1101 1439 1167 victoris

321 1238 418 1282 mores
448 1223 570 1299 vetant3
594 1235 693 1304 neque
726 1218 844 1284 credere
874 1219 919 1284 las
949 1225 993 1284 est
1015 1217 1148 1284 Caesaris
1166 1219 1247 1285 haud
1265 1219 1440 1286 interfuisse

321 1335 442 1402 tabesne
465 1337 609 1404 caderem
630 1361 669 1404 en
692 1359 784 1425 rogus
808 1337 947 1404 solveret.

364 1457 431 1522 Tali
458 1457 560 1523 studio
590 1463 782 1524 occaecatum
812 1463 930 1544 poetam
968 1458 1144 1540 manifesto,
1180 1481 1274 1546 paene
1310 1459 1441 1525 dixerim

218 1639 221 1645 .
321 1575 453 1662 cogitate
483 1557 599 1659 errare,
632 1579 721 1645 finem
749 1576 944 1666 pulcherrimi
973 1576 1042 1643 libri
1069 1576 1212 1664 polluisse
1235 1579 1363 1646 maxime
1386 1579 1439 1644 do·

322 1694 446 1762 lendum
471 1702 525 1763 est.

747 2079 849 2155 Isider
873 2090 1016 2156 octavus.

365 2299 529 2386 Pompeius
555 2297 641 2364 nulla
670 2321 754 2364 mora
782 2299 959 2386 interposita
986 2300 1089 2388 fugere
1115 2302 1223 2388 pergit.
1267 2301 1349 2368 Nam
1372 2327 1440 2370 san-

321 2422 446 2510 guinem
479 2442 571 2485 suum
595 2417 682 2506 parvi
704 2441 766 2484 non
788 2441 853 2484 esse
875 2418 1018 2507 intelligit
1041 2420 1162 2507 sibique
1184 2444 1362 2509 persuasum
1386 2424 1439 2490 ha·

321 2543 373 2608 bet
401 2539 495 2606 vitam
518 2561 604 2604 suam
628 2537 787 2604 aansarc
809 2537 962 2603 tandidem
985 2540 1136 2606 aestimari
1159 2543 1266 2629 quanti
1289 2543 1354 2629 ipsc
1377 2565 1440 2610 eer-

321 2661 418 2727 vicem
448 2659 565 2725 inimici
595 2657 738 2724 avulsam.
784 2657 939 2724 Praeclara
973 2666 1078 2747 poetae
1102 2685 1178 2742 vox,
1202 2687 1263 2749 qua
1285 2663 1354 2729 luce
1377 2664 1439 2728 cla-

320 2780 385 2846 rius
416 2778 547 2860 indicat,
578 2802 609 2844 se
637 2800 668 2843 re
691 2800 761 2842 vera
785 2800 924 2865 magnam
947 2779 1134 2846 clementiam
1157 2782 1241 2850 heroi
1264 2806 1317 2850 suo
1341 2785 1439 2852 inesse

320 2899 446 2965 minime
468 2905 585 2985 putare.

365 3019 443 3084 Ecce
473 3019 574 3100 heros,
606 3016 643 3082 ab
673 3015 797 3082 ineunte
826 3017 1025 3084 adolescentia
1054 3017 1203 3087 Fortunae
1233 3021 1334 3104 lilius,
1356 3045 1439 3090 nuuc

321 3137 423 3219 exsul,
470 3158 540 3202 mcx
581 3136 675 3201 vitam
717 3135 897 3216 amissurus,
942 3135 1029 3203 triste
1057 3140 1227 3227 exemplum
1258 3165 1319 3228 quo
1350 3141 1439 3208 nobis

251 3284 253 3291 ’
320 3257 412 3324 verba
434 3255 540 3324 Ovidii
563 3254 728 3342 probantur
753 3257 800 3341 1):
1270 3347 1273 3354 1

875 3374 997 3441 Scilicet
1020 3377 1129 3442 ultima
1153 3401 1269 3467 semper

477 3493 673 3582 Expectanda
696 3494 759 3561 dies
783 3495 914 3562 hominis
936 3497 1058 3582 dieique
1082 3496 1189 3562 beatus

478 3620 559 3680 Ante
581 3613 700 3680 obitum
722 3637 810 3680 nemo
833 3637 1034 3703 supremaque
1056 3617 1163 3683 funera
1186 3618 1282 3684 debet.

324 3757 402 3822 quae
428 3733 572 3800 Lucanus
595 3732 643 3798 his
667 3733 827 3821 expressit:

828 3853 1037 3940 Quisquamne
1059 3858 1199 3924 secundis

511 3975 637 4040 Tradere
659 3997 691 4041 se
714 3974 784 4041 fatis
807 3975 912 4058 audet,
936 3979 995 4043 nisi
1018 3984 1114 4044 morte
1135 3979 1256 4070 parate?
1368 3981 1437 4066 (32)

358 4213 378 4291 ι)
396 4210 504 4268 Metam.
523 4210 578 4269 III.
597 4212 657 4280 135,
