3296 5132
489 1099 713 1201 CAPUT
758 1099 1055 1202 PRIMUM.

647 1344 736 1400 VITA
754 1343 903 1402 LUCANI.

691 1649 852 1665 ΛΛΛΛΛΛΛΛΛΛΛΙν

260 1911 345 1993 Quae
360 1911 443 1998 regio
466 1916 563 1976 aetate
586 1910 780 1996 imperatoria
802 1909 913 1974 multos
931 1910 1009 1975 viros
1029 1912 1135 1997 genuit
1154 1911 1184 1975 in
1204 1911 1331 1978 historia

213 2029 382 2095 litterarum
416 2030 593 2094 Latinarum
634 2029 784 2114 insignes,
830 2029 907 2093 duos
942 2029 1085 2110 Senecas,
1117 2017 1339 2111 Columellam.

213 2147 398 2228 Martialem,
433 2148 691 2230 Quinctilianum,
715 2147 801 2234 ,alios
836 2147 905 2233 plus
941 2148 1076 2212 minusve
1114 2145 1220 2228 notos,
1257 2171 1332 2234 quos

216 2289 320 2332 omues
340 2289 512 2334 enumerare
529 2267 655 2361 longum
671 2273 729 2346 est,
748 2289 782 2331 ea
793 2265 916 2332 Lucano
929 2288 1049 2351 quoque
1061 2268 1158 2352 patria
1169 2275 1224 2334 est.
1247 2267 1334 2333 Felix

216 2394 246 2452 et
268 2388 354 2452 beata
377 2386 465 2450 tellus
488 2385 610 2450 Baetica
633 2393 759 2451 vocatur
783 2409 800 2450 a
821 2384 932 2466 Statio,
949 2408 1034 2469 ‘quae
1051 2387 1209 2452 Lucanum
1232 2392 1332 2472 potest

215 2507 365 2593 imputare
383 2507 469 2570 terris
486 2508 523 2590 1).
567 2505 709 2570 Lucanus
728 2505 807 2570 enirn
823 2504 1025 2570 Cordubensis
1046 2505 1124 2585 erat}
1147 2505 1222 2570 civis
1239 2505 1334 2592 igitur
1389 2491 1390 2494 Ἴ

216 2625 281 2690 eius
314 2623 413 2704 urbis,
449 2646 524 2708 quae
558 2624 588 2687 in
623 2623 832 2689 amoenissima
866 2624 1031 2710 Hispaniae
1054 2633 1137 2712 parte
1161 2627 1235 2706 sita,
1270 2631 1331 2690 tam

216 2743 340 2830 opibus,
364 2765 454 2828 quam
477 2743 586 2807 litteris
608 2765 661 2830 per
683 2743 808 2830 longum
831 2743 890 2808 iarn
915 2751 1033 2830 tempus
1056 2745 1206 2811 floruerat.

259 2861 352 2926 Genti
375 2864 532 2942 Annaeae,
556 2885 573 2926 e
596 2883 655 2946 qua
666 2862 806 2926 Lucanus
822 2862 966 2927 oriundus
984 2863 1061 2942 fuit,
1080 2863 1139 2927 iam
1157 2861 1332 2927 clarusrhe·

216 2990 264 3046 tor
289 2983 330 3048 M.
348 2985 491 3048 Annaeus
514 2981 625 3046 Seneca
647 2980 770 3067 gloriam
788 2981 937 3068 insignem
956 2989 1120 3068 pepererat.
1156 2981 1333 3053 Huicuxor

218 3100 328 3166 Helvia
364 3109 425 3166 tres
458 3099 567 3164 liberos
600 3108 763 3186 genuerat,
797 3100 934 3166 Marcum
969 3103 1126 3165 Annaeum
1156 3101 1330 3182 Nouatum,

216 3219 346 3288 Lucium
376 3222 533 3285 Annaeum
556 3217 714 3300 Senecam,
738 3219 874 3285 Marcum
899 3224 1057 3284 Annaeum
1080 3219 1203 3288 Melam.

215 3325 218 3330 ¹
261 3337 401 3402 Novatus
423 3337 551 3404 testibus
573 3337 676 3404 Cassio
699 3339 798 3406 Dione
821 3347 851 3406 et
877 3339 982 3404 Tacito
1013 3339 1172 3425 adoptatus
1203 3362 1267 3406 esse
1291 3340 1334 3406 vi·

221 3453 308 3520 detur
326 3477 343 3518 a
361 3456 478 3521 rhetore
496 3455 593 3522 Lucio
613 3459 703 3525 Iunio
724 3459 880 3540 Gallione,
900 3458 948 3524 cui
969 3459 1070 3524 fratris
1087 3457 1216 3526 Senecae
1228 3483 1335 3526 nomen

220 3573 258 3639 ab
291 3572 437 3640 ambobus
471 3576 666 3662 scriptoribus
700 3577 788 3644 datur
805 3581 851 3663 ⁹);
885 3579 974 3644 frater
1005 3577 1170 3665 igiturest
1190 3579 1221 3644 in
1246 3579 1335 3645 Statii

250 3829 270 3900 ³)
290 3827 359 3886 Stat.
378 3825 444 3886 Silv.
463 3826 502 3884 II.
521 3827 547 3887 7.
566 3829 609 3884 94.

250 3923 271 3994 ²)
290 3923 363 3978 Cass.
381 3921 443 3978 Dio.
461 3920 519 3977 LX.
539 3923 582 3978 35.
601 3919 704 3992 ὅθενπερ
724 3921 842 3989 Λούκιος
864 3919 970 3991 Ἰούνιος
991 3927 1120 3983 Γαλλίων
1140 3925 1152 3984 ὁ
1169 3926 1220 3984 τοῦ
1235 3927 1341 3985 Σενέκα

215 4013 341 4090 &Merctor
360 4013 548 4072 acerrumo
569 4035 598 4072 τι
620 4013 834 4089 ἀπεφθέγξατο.
942 4003 952 4053 s

249 4105 312 4164 uae.
328 4108 399 4164 Anu.
416 4104 477 4164 XV.
496 4107 539 4166 73.
556 4105 666 4162 Iunium
687 4104 849 4175 Gallionem,
875 4107 989 4167 Senecae
1008 4108 1097 4167 fratris
1110 4114 1199 4170 morta
1217 4111 1343 4188 pavidum

216 4193 349 4268 increpuit
367 4192 489 4251 Salienus
505 4192 636 4252 Clemens.
972 4217 973 4221 ¹
1032 4215 1034 4222 ’

1111 4301 1114 4307 ’
1210 4305 1228 4370 l
