3308 5138
903 427 944 490 98

364 635 472 702 Caesar
500 635 660 701 consilium
674 611 677 616 Ι
691 634 788 700 audax
817 633 876 698 init
905 629 1045 717 cingendi
1066 629 1168 696 hostes
1191 631 1266 696 vallo
1289 631 1399 713 ducto,
1422 655 1482 717 quo

366 776 416 818 eos
438 753 595 824 obsidione
618 754 654 818 ad
678 752 862 818 deditionem
881 757 980 838 cogat.
1014 750 1137 816 Summo
1156 750 1228 838 iugo
1246 749 1354 817 Caesar
1366 751 1482 817 castella

367 873 517 959 disponit,
541 875 635 950 fossas
647 873 746 953 ducit,
770 895 878 959 magno
890 892 1014 936 recursu
1026 871 1157 956 amplum
1168 869 1299 957 spatium
1311 871 1479 958 amplexus,

367 1016 444 1081 opus
473 994 578 1080 ingens
607 991 733 1079 incipit,
764 991 815 1057 cui
844 996 889 1056 lot
918 1012 1024 1058 manus
1061 1011 1179 1076 operam
1205 997 1372 1069 naverunt,
1407 997 1482 1074 quot

367 1113 473 1180 Seston
494 1113 603 1200 Abydo
625 1113 749 1201 iungere
770 1118 910 1199 potuere,
935 1117 989 1176 aut

716 1231 835 1319 Pelopis
856 1231 916 1298 late
939 1227 1081 1316 Ephyren
1103 1227 1277 1315 abrumpere
1299 1228 1416 1315 regnis,

477 1351 518 1417 Et
539 1351 661 1419 vatibus
683 1352 790 1438 longae
811 1352 908 1420 flexus
930 1349 1038 1414 donare
1060 1347 1185 1414 Maleae.
1349 1349 1415 1435 (58)

411 1471 500 1538 Unde
522 1472 692 1559 colligimus
710 1473 770 1538 iam
789 1473 946 1538 Lucanum
967 1468 1092 1549 vidisse,
1116 1468 1180 1536 fieri
1204 1469 1481 1555 posseutlathmus
1594 1533 1598 1548 ,

369 1591 587 1678 perfoderetur,
616 1615 678 1677 quo
701 1593 781 1658 facto
803 1591 931 1658 navibus
955 1588 1155 1656 utilissimum
1177 1589 1320 1676 temporis
1343 1611 1481 1676 compen-

372 1711 456 1778 dium
478 1713 607 1784 daretur.
650 1713 700 1780 Ad
722 1711 803 1799 quod
827 1733 903 1799 opus
914 1687 1130 1799 perficiendum
1141 1709 1354 1796 duodeviginti
1366 1709 1481 1774 saecula

371 1831 507 1898 noudum
529 1832 744 1920 suppetebantl

416 1953 526 2034 ,Tanti
558 1953 673 2019 labores
706 1950 891 2040 perierunt.''
927 1949 972 2015 Ut
1003 1949 1139 2036 primum
1161 1945 1324 2036 Pompeius
1347 1949 1432 2014 ridet
1452 1971 1481 2013 se

369 2095 476 2159 aggere
499 2073 594 2159 cingi,
617 2072 680 2160 ipse
702 2097 719 2138 a
740 2079 808 2138 tuta
831 2070 939 2150 Petra,
964 2091 1055 2155 quam
1075 2075 1289 2155 occupaverat,
1313 2069 1481 2149 descendit,

372 2199 407 2258 ut
424 2193 535 2258 milites
552 2191 685 2258 Caesaris
697 2192 843 2262 distrabat
854 2189 1067 2278 eruptionibus
1078 2189 1177 2255 factis.
1204 2191 1244 2254 At
1256 2189 1376 2276 gravior
1387 2187 1481 2254 hostis

371 2311 508 2398 Pompeii
540 2313 644 2378 castris
667 2312 844 2394 insidiatur,
876 2313 968 2402 fames
990 2296 1121 2396 eumque
1143 2332 1178 2374 ea
1200 2309 1347 2374 horrenda
1369 2331 1481 2386 comes,

370 2431 540 2517 pestilentia
571 2432 650 2498 inter
680 2432 795 2498 milites
830 2431 967 2496 victimas
992 2431 1127 2515 quaerit,
1163 2427 1276 2515 quibus
1298 2428 1383 2494 malis
1406 2427 1481 2506 dux,

352 2551 536 2634 'quominus
559 2551 749 2616 contentione
780 2551 915 2615 omnium
947 2551 1059 2616 virium
1081 2549 1196 2616 bellum
1219 2549 1369 2636 perficiat,
1388 2547 1484 2634 probi·

372 2669 471 2740 betur.
493 2671 635 2738 Lucanus
649 2670 775 2735 colorem
787 2669 837 2735 dat
850 2670 1031 2736 deformibus
1043 2670 1147 2736 rebus:
1168 2692 1276 2756 genere
1287 2667 1485 2755 pulcherrimo

374 2789 493 2858 dicendi
510 2791 592 2856 luem
617 2789 753 2882 depingit
771 2789 910 2854 victimas
933 2791 1115 2877 rapientem,
1139 2789 1253 2855 ratione
1265 2787 1393 2853 manime
1407 2809 1486 2866 ,rea-

374 2909 494 2976 listica'’
503 2961 512 2992 ,
532 2916 567 2975 ut
585 2909 675 2974 verbo
687 2908 777 2974 hodie
789 2909 936 2974 celebrato
949 2915 1033 2988 utar,
1057 2910 1149 2996 digna
1161 2930 1238 2992 quae
1250 2907 1413 2994 aprincipe
1424 2905 1487 2970 eius

373 3029 514 3111 Scholee,
537 3030 649 3096 Emilio
671 3031 758 3107 Zola,
781 3029 971 3094 scriberetur.

416 3149 525 3217 Fatum
558 3173 657 3236 neque
690 3149 809 3215 Caesari
842 3149 954 3234 parcit:
990 3148 1063 3213 dura
1094 3149 1188 3213 fames
1220 3153 1251 3211 et
1282 3145 1395 3210 milites
1425 3144 1488 3209 eius

375 3277 473 3358 urget.
518 3271 562 3335 At
592 3270 698 3334 virtus'
715 3292 777 3334 non
807 3267 929 3332 omnino
957 3267 1104 3330 exstincta
1126 3272 1181 3356 est.
1227 3265 1406 3350 Exemplum
1428 3263 1489 3328 Lu·

375 3361 466 3456 canus
495 3390 585 3455 refert
607 3389 718 3454 castelli
738 3387 867 3452 maxima
885 3386 1065 3451 fortitudine
1084 3385 1217 3466 defensi,
1253 3383 1335 3471 quod
1354 3407 1452 3468 quum
1466 3406 1489 3448 ‚a

375 3509 521 3594 Pompeio
544 3513 784 3594 oppugnaretur,
807 3528 913 3593 parum
937 3505 1015 3572 afuit
1039 3506 1114 3591 quin
1138 3510 1377 3592 expugnaretur,
1401 3503 1490 3568 nisio

381 3629 492 3694 Scaeva
504 3627 686 3718 centurione,
706 3627 869 3692 fortissimo
882 3626 955 3706 viro,
979 3625 1134 3692 defensum
1146 3633 1231 3706 esset,
1255 3625 1344 3690 ouius
1355 3625 1490 3704 facinus,

380 3747 505 3834 dignum
519 3747 601 3832 quod
612 3726 807 3827 memoretur,
832 3751 920 3832 poeta
932 3752 1057 3812 enarrat.
1092 3745 1227 3812 Obbane
1239 3766 1359 3830 quoque
1370 3743 1489 3808 horren-

305 3913 307 3916 ·
380 3865 461 3948 dem,
484 3888 519 3930 ao
533 3865 793 3952 paenedixierim,
818 3865 992 3930 atrociorem
1005 3864 1249 3950 descriptionem,
1272 3865 1416 3930 Lucanus
1427 3863 1490 3928 iure

378 3983 532 4071 discipulis
556 3984 680 4049 Scholae
701 3983 877 4049 Realistioae
900 3983 1086 4048 adnumerari
1109 3990 1215 4070 posset.

425 4103 492 4168 Hac
522 4108 608 4189 parte
635 4103 773 4188 repulsus
796 4102 958 4189 Pompeius
980 4102 1039 4166 alia
1063 4102 1181 4166 castella
1205 4101 1394 4188 aggreditur,
1418 4121 1490 4186 quo·

380 4245 447 4290 rum
466 4244 560 4289 unum
578 4226 696 4288 tantum
708 4243 878 4308 expugnare
889 4225 1002 4308 potest:
1026 4219 1180 4286 Caesarem
1192 4221 1322 4308 recipere
1334 4225 1489 4300 conatum,
