3296 5132
883 409 922 470 66

343 614 433 696 Quod
456 614 483 678 si
505 612 550 679 ita
573 619 666 693 esset,
701 611 896 692 scholiastae,
926 614 1049 700 opinor,
1083 615 1252 680 coniectura
1278 613 1354 678 falsa
1375 620 1463 678 esset.

344 734 449 799 Cicero
484 740 563 799 anuo
599 731 708 798 DCOX
746 731 785 797 U.
816 731 851 797 C.
882 733 936 816 (54
960 755 986 798 a.
1010 731 1045 799 Ο.
1068 735 1111 819 n.)
1135 733 1254 814 scribit,
1276 734 1300 818 ¹)
1336 731 1463 796 eundem

343 853 380 920 L.
404 851 565 919 Aurelium
600 851 740 932 Cottam,
775 850 951 916 familiarem
983 873 1088 932 suum,
1123 853 1205 918 fatali
1236 853 1366 938 quadam
1398 852 1463 916 des-

344 972 513 1058 peratione,
538 976 572 1036 ut
595 970 655 1050 ait,
680 969 780 1034 minus
810 969 841 1033 iu
873 976 1008 1034 senatum
1039 971 1150 1037 venire.
1196 972 1242 1036 Eo
1271 971 1365 1058 igitur
1391 977 1464 1036 tem·
1521 983 1524 989 '

345 1113 416 1176 pore
446 1090 563 1154 minore
593 1088 694 1153 studio
726 1088 758 1153 in
789 1088 876 1153 rebus
900 1089 1026 1176 publicis
1060 1091 1245 1170 versabatur;
1276 1090 1341 1155 fieri
1370 1089 1465 1176 igitur

343 1215 460 1295 potest,
501 1215 636 1282 utauno
664 1209 736 1274 belli
760 1208 859 1274 civilis
882 1209 978 1274 exorti
1008 1209 1098 1276 rebus
1121 1190 1250 1296 publicis
1268 1231 1387 1294 operam
1405 1209 1465 1272 iam

346 1327 472 1394 dederit.

389 1447 481 1534 Apud
510 1447 634 1512 Florum
665 1449 823 1535 leguntur,
854 1469 932 1532 qnae
965 1448 1028 1534 ipsc
1059 1447 1221 1512 Caesario
1245 1445 1465 1512 commentariis

344 1567 718 1654 praemoneamur),
752 1589 820 1632 eum
849 1567 995 1634 aerarium
1022 1567 1153 1632 sanctius
1183 1566 1302 1653 effringi
1325 1566 1465 1644 iussisse,

344 1711 440 1775 quum
467 1687 585 1753 tardius
615 1687 765 1774 aperirent
793 1687 928 1753 tribuni:
960 1710 1100 1769 ,censum
1123 1694 1154 1752 et
1175 1686 1390 1774 patrimonium
1413 1707 1466 1772 po·

343 1807 408 1894 puli
429 1808 559 1874 Romani
581 1813 649 1872 aute
672 1806 780 1872 Caesar
803 1807 903 1894 rapuit
926 1830 1015 1894 quam
1038 1805 1221 1894 imperium''
1256 1805 1331 1870 dicit
1349 1804 1465 1869 Florus.

270 1925 272 1930 ’
316 1989 319 1994 ,
344 1927 500 2008 Quantum
523 1926 668 2013 pecuniae
691 1949 728 1991 ex
751 1926 863 1991 aerario
885 1925 1062 2012 protulerit,
1086 1925 1210 1990 Orosius
1234 1924 1328 1990 addit.
1374 1927 1465 1989 Aera·

344 2045 423 2110 rium
446 2068 478 2112 re
495 2068 562 2112 vcra
585 2044 719 2112 clausum
742 2045 834 2110 fuisse
856 2043 961 2109 Cicero
985 2045 1071 2110 testis
1095 2051 1155 2110 est:
1182 2040 1464 2128 „neceum((laesa·

345 2167 419 2251 rem)
439 2165 587 2252 prolatio,
615 2188 670 2230 nec
690 2171 812 2234 senatus
832 2164 1100 2251 magistratumque
1118 2163 1283 2239 discessus,
1313 2184 1368 2226 nec
1387 2185 1465 2228 aera·

346 2282 426 2347 rium
456 2283 590 2350 clausum
620 2280 774 2350 tardabit'’
798 2285 835 2368 8).
889 2283 974 2364 Quin
1003 2283 1110 2348 Caesar
1137 2305 1277 2367 magnam
1307 2281 1465 2368 pecuniam

344 2401 388 2468 ibi
411 2402 579 2484 invenerit,
602 2404 669 2468 iure
692 2402 823 2468 dubitari
844 2403 968 2488 nequit,
992 2401 1181 2486 nequeenim
1194 2400 1348 2481 consules,
1369 2423 1466 2486 neque

343 2518 509 2608 Pompeius
540 2521 683 2587 Cicerone
706 2527 782 2586 teste
813 2543 850 2585 ex
883 2521 996 2585 aerario
1019 2527 1201 2587 sumseraut.
1235 2520 1391 2586 Ciceronis
1414 2522 1467 2586 ite·

344 2662 412 2705 rum
436 2639 609 2705 testimonio
634 2648 772 2706 utamur:
797 2639 1257 2727 ,JSumusflagitiossimparati,
1279 2640 1467 2725 quomami·

344 2757 467 2839 litibus,
493 2765 559 2823 tum
583 2782 600 2823 a
622 2759 765 2848 pecunia,
793 2782 883 2844 quam
908 2759 1029 2844 quidem
1054 2782 1190 2839 omnem,
1215 2781 1277 2823 non
1299 2759 1390 2824 modo
1410 2759 1467 2846 pri·

350 2883 466 2960 ratam,
492 2877 568 2962 quac
591 2878 622 2942 in
648 2878 719 2944 urbe
743 2885 805 2958 est,
829 2879 881 2944 sed
906 2878 996 2944 etiam
1019 2877 1189 2964 publicam,
1213 2901 1289 2962 quae
1312 2878 1343 2942 in
1356 2879 1468 2944 aerario

348 3004 410 3079 est,
434 2998 479 3062 illi
497 2996 698 3082 reliquimus’'
714 3000 753 3084 4).
786 2997 900 3062 Omnes
919 2997 979 3062 fere
998 2997 1157 3083 scriptores
1170 2997 1312 3062 unanimo
1325 3019 1468 3062 consensu

348 3116 472 3182 tradunt
505 3117 664 3182 Caesarem
699 3116 823 3182 Metello
857 3118 980 3182 tribuno
1014 3118 1148 3183 obstanti
1177 3126 1273 3182 morte
1304 3119 1467 3195 minatum,

347 3236 494 3302 aerarium
527 3236 677 3322 effregisse
709 3238 745 3322 ⁵).
802 3235 889 3302 Hauc
929 3236 1023 3324 igitur
1052 3260 1113 3302 rem
1155 3236 1297 3303 Lucanus
1326 3259 1362 3302 ex
1401 3257 1468 3302 vero

350 3341 487 3422 tradidit.

379 3685 399 3754 1)
418 3681 461 3738 aa
479 3683 553 3739 rim.
576 3683 641 3741 ΧΠ.
661 3685 685 3741 a.
704 3686 729 3740 3.

378 3769 399 3839 2)
419 3767 526 3825 Scilicet
545 3769 635 3826 morbo
653 3769 782 3826 comitiali
799 3770 828 3826 iu
846 3773 963 3845 tempore
982 3771 1105 3829 affectus!
1133 3773 1183 3846 Pg.
1203 3773 1237 3828 54
1254 3771 1283 3830 in
1301 3773 1391 3831 annot.

380 3855 401 3926 ³)
420 3853 463 3910 Ad
479 3855 538 3911 Att.
560 3854 622 3912 VII.
644 3858 685 3912 lt.

379 3942 399 4010 ⁶)
419 3939 621 3999 nostrvm.
641 3943 684 4000 15.
704 3944 729 4000 3.

380 4026 494 4092 ⁶10aas.
520 4025 571 4082 Dio
595 4026 670 4086 XLI.
693 4029 736 4088 17.
760 4030 829 4102 App.
851 4031 883 4088 B.
907 4030 937 4087 O.
961 4029 1001 4088 Π.
1026 4027 1068 4087 41.
1091 4030 1165 4090 Plut.
1188 4032 1262 4090 Caes.
1285 4035 1328 4090 35.
1349 4061 1385 4074 -
1403 4031 1472 4088 Dum

343 4114 439 4170 Caesar
461 4129 490 4168 se
505 4111 618 4166 ararium
642 4112 773 4185 effregissc
788 4115 909 4182 reticeat,
937 4119 1028 4171 contra
1046 4133 1074 4172 se
1092 4116 1229 4189 pecuniam
1247 4117 1345 4192 Ephesi
1362 4119 1391 4174 in
1413 4118 1472 4174 fauo

343 4199 490 4274 depositam
500 4198 540 4256 bis
553 4217 683 4271 servasse,
696 4199 838 4257 iactatione
851 4201 962 4274 quadam
974 4204 1073 4260 narrat.
1091 4203 1133 4276 (B.
1146 4203 1175 4261 C.
1189 4203 1244 4262 III.
1257 4205 1300 4262 33.
1312 4205 1365 4262 ΙΙΙ.
1375 4207 1446 4276 105).
