3296 5132
868 425 910 487 54

322 633 374 701 des
402 632 537 713 Marius,
568 631 627 698 den
656 630 901 717 Schniegersohn
933 629 985 694 des
1007 631 1121 709 Cinna,
1146 630 1203 696 den
1230 631 1443 698 Verbiindeten

322 753 375 820 des
415 752 562 831 Catilina,
604 750 654 815 die
687 749 922 836 Wiedcrholnng
951 749 1004 815 der
1025 749 1446 817 Marianiscb·0innanischen

322 871 451 952 Greuel,
480 873 528 940 dic
550 871 742 957 Realisirung
764 870 816 934 der
841 892 901 934 von
924 869 1053 934 Catilina
1076 871 1279 936 entworlenen
1302 871 1446 936 Saturna·

326 991 388 1058 lien
410 993 463 1058 der
485 989 670 1058 Anarohie”.
1391 962 1396 970 ¹

365 1113 408 1176 ht
431 1117 525 1178 terror
545 1109 680 1176 Caesaris
703 1109 971 1196 appropinquantis
994 1110 1108 1190 effecit,
1134 1117 1169 1174 ut
1192 1111 1254 1176 fere
1277 1133 1365 1176 nemo
1385 1111 1446 1174 vic-

326 1229 384 1294 tori
407 1230 544 1295 resistere
567 1229 702 1308 auderet,
739 1228 825 1294 cuius
848 1228 969 1293 terroris
993 1235 1081 1315 po'c‘ta
1106 1230 1241 1316 exempla
1263 1252 1301 1294 ex
1321 1227 1447 1294 historia

320 1370 447 1436 quoque
468 1348 612 1436 repetita,
637 1355 858 1414 commemorat.

366 1468 541 1534 Scribonius
563 1467 659 1548 Libo,
682 1467 852 1554 praefectus
874 1467 1030 1547 Etruriae,
1050 1467 1088 1532 ad
1105 1467 1285 1554 Pompeium
1297 1467 1446 1553 confugit.

324 1587 501 1667 Thermum,
547 1587 601 1673 qui
645 1586 791 1674 Iguvium
831 1585 965 1670 quinque
1012 1585 1186 1651 cohortibus
1229 1591 1361 1666 teneret,
1414 1587 1448 1652 in

327 1708 431 1795 fugam
472 1728 505 1772 se
546 1705 662 1772 dedisse
697 1705 803 1772 Caesar
838 1709 941 1769 auctor
975 1710 1020 1769 est
1052 1707 1088 1790 ¹).
1141 1704 1296 1783 ,Interea
1328 1704 1446 1792 inquit,

326 1824 435 1891 certior
475 1825 574 1892 lactus
616 1823 759 1912 Iguvium
793 1823 956 1888 Thermum
991 1829 1174 1909 praetorem,
1212 1823 1385 1888 cohortibus
1418 1823 1448 1885 V

325 1951 442 2027 tenere,
474 1945 621 2034 oppidum
652 1945 785 2024 munire,
820 1942 1014 2027 omniumque
1045 1965 1108 2007 esse
1138 1942 1338 2028 Iguvinorum
1369 1943 1448 2030 opti-

325 2086 404 2130 mam
439 2086 508 2151 erga
543 2087 574 2130 se
608 2063 813 2143 voluntatem,
844 2061 1008 2126 Curionem
1037 2083 1106 2126 curn
1133 2061 1231 2126 tribus
1253 2062 1448 2138 cohortibus,

324 2206 399 2269 quas
440 2182 559 2250 Pisauri
599 2190 630 2249 et
670 2180 800 2247 Arimini
841 2179 989 2259 habebat,
1026 2180 1131 2246 mittit.
1188 2181 1284 2246 Cuius
1318 2181 1449 2248 atlventu

324 2302 466 2389 cognito,
503 2304 617 2368 diffisus
652 2301 812 2388 municipii
843 2300 1015 2379 voluntate,
1060 2300 1206 2366 Thermus
1239 2301 1377 2366 cohortes
1410 2324 1448 2366 ex

327 2421 401 2488 urbe
429 2422 547 2488 reducit
570 2429 600 2486 et
622 2419 787 2508 profugit''.
817 2419 946 2485 Lucium
969 2418 1141 2485 Cornelium
1165 2420 1277 2487 Sullam
1301 2421 1447 2486 Faustum

325 2540 439 2628 fugisse
461 2538 566 2606 Cicero
590 2539 622 2604 in
645 2539 772 2626 epistula
795 2539 923 2625 quadam
947 2545 1090 2604 memorat
1103 2542 1138 2625 l).
1185 2540 1308 2606 Attium
1331 2541 1446 2607 Varum

328 2659 530 2750 praesidium,
555 2659 639 2746 quod
660 2659 894 2738 introduxisset,
919 2681 956 2724 ex
979 2658 1090 2746 oppido
1114 2660 1249 2726 Auximo
1261 2662 1401 2728 eduxisse
1413 2687 1449 2728 ac

327 2779 515 2869 profugisse,
539 2780 645 2846 Caesar
666 2780 757 2844 refert
769 2782 795 2864 3)
806 2807 816 2858 ;
839 2801 943 2866 pugna
966 2785 1100 2866 pugnata
1122 2779 1233 2845 milites
1255 2781 1449 2847 advictorem

326 2899 518 2990 perveniunt.
552 2899 704 2966 Lentulus
727 2898 867 2986 Spinther
889 2922 955 2966 arce
976 2899 1085 2965 Asculi
1107 2899 1267 2987 despulsus
1287 2907 1346 2982 est,
1371 2901 1450 2968 idem

329 3020 448 3108 Scipio,
472 3019 611 3107 Pompeii
634 3041 735 3098 socer,
758 3019 924 3084 Nuceriam
949 3020 1092 3087 hostibus
1116 3020 1252 3108 reliquit.

373 3137 411 3204 In
444 3139 492 3205 his
526 3138 604 3204 nihil
633 3143 678 3203 est
710 3137 759 3204 cui
786 3137 876 3204 fidem
909 3139 1083 3206 historicam
1114 3140 1306 3229 denegemus.
1364 3141 1453 3222 Quae

332 3265 433 3326 autem
468 3257 593 3325 Corfinii
627 3265 692 3326 acta
726 3263 814 3338 sunt,
850 3264 938 3344 poeta
971 3260 1058 3325 nobis
1092 3261 1215 3349 probare
1249 3285 1309 3328 non
1342 3269 1451 3351 potest.

333 3379 446 3467 Supra,
482 3400 545 3464 quo
583 3378 671 3444 modo
706 3376 874 3443 Domitium
910 3378 998 3444 nobis
1030 3386 1118 3466 potta
1152 3381 1337 3468 depinxerit,
1373 3383 1453 3449 vidi·

333 3521 418 3579 mus3
456 3496 636 3564 nobiliorem
676 3521 746 3564 eom
786 3496 938 3577 reddidit,
980 3521 1071 3586 quam
1114 3522 1145 3566 re
1186 3524 1254 3566 vera
1296 3508 1374 3568 erat:
1408 3504 1454 3569 nil

333 3617 393 3684 nisi
432 3603 568 3703 proditor
608 3640 644 3683 cx
683 3617 877 3682 historiarum
919 3618 1118 3708 descriptione
1157 3621 1362 3708 cognoscitur,
1399 3625 1455 3709 qui

336 3759 388 3824 spe
429 3735 537 3802 auxilii
576 3736 750 3823 Pompeiani
793 3736 928 3820 sublata,
971 3737 1028 3806 sibi
1070 3740 1133 3826 ipse
1171 3741 1329 3806 consilium
1364 3742 1456 3831 fugae

355 3941 625 3964 ...r-...—

370 4047 688 4117 ammonam

372 4137 393 4208 ²)
412 4133 452 4190 ra
470 4137 528 4191 ma
546 4133 595 4192 rx.
612 4135 638 4190 1.

371 4223 393 4295 5)
412 4221 443 4280 a.
462 4219 492 4278 c.
510 4219 535 4278 1.
552 4221 595 4278 ra.
