3308 5138
747 427 807 490 107

259 640 392 707 Tandem
414 636 579 725 Pompeius
600 633 730 722 amplius
752 631 862 699 morari
884 631 930 697 fas
950 652 1011 697 non
1034 651 1097 696 esse
1114 635 1212 711 ratus,
1236 649 1268 693 se
1286 649 1336 693 ex·

215 759 295 827 orari
317 781 423 848 passus
444 763 507 824 est:
530 755 574 825 nil
596 756 676 822 ultra
697 755 760 820 lata
787 749 962 819 morabitur.
1008 750 1067 817 Sed
1083 749 1200 815 invitus
1219 749 1336 813 hostem

216 878 403 967 aggreditur,
433 901 505 944 nam
532 877 596 942 sine
626 874 714 940 caede
741 873 849 940 ansar
879 871 1022 938 subactus
1050 893 1084 936 ao
1107 869 1244 956 captivus
1262 867 1334 955 paci

216 996 296 1064 tradi
317 997 475 1084 potuisset.
521 994 657 1060 Victoria
679 993 774 1080 igitur
795 991 824 1057 ei
846 1013 906 1056 non
927 990 1034 1056 laetior
1060 1011 1149 1076 qnam
1173 1007 1268 1056 mors:

370 1119 435 1184 Ant
456 1115 580 1204 populis
601 1115 749 1195 inrisum,
771 1113 828 1178 hac
852 1110 936 1177 clade
959 1115 1078 1198 peracta

370 1238 434 1302 Ant
456 1236 548 1302 hodie
569 1233 730 1321 Pompeius
753 1232 810 1298 erit
832 1229 1000 1298 miserabile
1022 1249 1141 1294 nomen.

372 1355 470 1422 Omne
489 1354 600 1420 malum
620 1353 712 1434 victi,
725 1352 807 1440 quod
824 1373 887 1418 sors
905 1351 981 1416 feret
993 1349 1101 1416 ultima
1112 1368 1225 1428 rerum,

373 1473 471 1541 Omne
494 1474 579 1539 nefas
602 1472 726 1538 victoris
749 1472 815 1539 erit.
862 1471 951 1558 (123)

261 1594 379 1660 Milites
403 1595 448 1660 ira
471 1595 606 1660 furentes
634 1592 726 1658 frenis
749 1590 856 1658 laxatis
887 1589 986 1677 palam
1014 1587 1147 1667 iaciunt,
1182 1584 1235 1651 illo
1263 1583 1337 1658 bello

218 1715 332 1801 quaeri,
355 1714 432 1801 quid
454 1721 531 1780 esset
553 1713 659 1781 Roma.
694 1711 754 1778 Sed
777 1711 821 1777 dii
844 1709 928 1776 melis
951 1705 1102 1774 ominibus
1120 1703 1258 1771 homines
1276 1724 1338 1769 non

219 1835 342 1921 privant
349 1862 359 1915 ;
389 1834 470 1922 fugit
498 1833 578 1900 enim
606 1833 644 1898 ab
671 1854 722 1897 ara
753 1837 857 1896 taurus
888 1819 989 1914 ¹neque
1020 1825 1080 1892 ulla
1102 1823 1193 1890 saeris
1215 1820 1339 1889 victima

219 1954 344 2020 inventa
366 1960 422 2020 est.
775 2022 777 2026 ,

264 2071 420 2154 Quosnam
439 2078 541 2138 autem
558 2072 629 2137 deos
646 2071 754 2136 ansar
769 2069 969 2149 invocaverit,
989 2072 1077 2155 polite
1095 2087 1164 2132 cum
1187 2067 1341 2130 contemtu

222 2197 319 2279 rogat.
376 2192 558 2258 Eumenides
578 2215 615 2258 an
633 2191 734 2278 Stygis
753 2190 898 2256 numina?
914 2242 916 2248 .
931 2188 1021 2270 Quod
1037 2186 1160 2272 quidem
1174 2185 1341 2266 incertum,
1441 2205 1442 2209 ¹

222 2311 342 2377 sedhac
354 2317 443 2376 nocte
455 2333 576 2398 campos
593 2309 779 2376 Thessalicos
799 2332 908 2396 magna
924 2329 1014 2374 manu
1037 2307 1160 2373 deorum
1182 2304 1343 2371 celebratos

222 2454 301 2512 esse,
324 2431 430 2516 ibique
453 2437 587 2496 monstra
610 2431 673 2496 visa
696 2452 759 2497 esse
782 2436 910 2496 constat.
957 2428 1070 2494 Omnes
1092 2427 1193 2492 timor·
1206 2423 1341 2492 tenebat:

222 2527 337 2636 ubique
360 2557 454 2616 terror
476 2549 659 2637 vagabatur3
684 2573 745 2616 non
771 2551 868 2638 magis
887 2551 920 2615 in
936 2547 1062 2614 Graecia
1085 2569 1176 2633 quam
1198 2545 1231 2610 in
1253 2543 1343 2610 Italia

222 2667 359 2734 homines
381 2667 582 2757 trepidabant.
614 2669 708 2735 Haud
727 2670 848 2750 mirum,
870 2692 940 2736 nam
959 2691 1056 2757 augur
1077 2668 1182 2733 sedens
1212 2665 1245 2731 in
1268 2663 1344 2730 colle

222 2783 388 2878 Euganeo,
412 2789 450 2854 ad
475 2788 636 2854 Patavium
659 2789 735 2870 sito,
759 2789 825 2876 ipso
861 2790 910 2855 die
932 2811 1051 2876 pugnae
1073 2787 1257 2853 vaticinatus
1279 2789 1340 2851 est:

334 2907 428 2973 Venit
451 2929 571 2973 summa
593 2908 675 2989 dies,
699 2908 815 2995 geritur
837 2931 884 2974 res
905 2907 1051 2988 maxima,
1075 2906 1170 2986 dixit,

334 3027 434 3116 Impia
457 3034 640 3094 concurrunt
661 3027 800 3115 Pompeii
823 3035 853 3093 et
876 3026 1011 3093 Caesaris
1034 3048 1124 3092 arma.
1149 3025 1239 3112 (196)

268 3147 379 3213 Laetus
409 3146 516 3212 ansar
546 3146 640 3214 aciem
664 3147 783 3212 inimici
806 3147 985 3212 instructam
1008 3145 1172 3232 conspicit3
1197 3165 1256 3229 qua
1279 3141 1344 3206 visa
1397 3231 1400 3236 Ι

226 3266 339 3332 milites
372 3289 441 3331 suos
474 3265 624 3332 hortatur:
659 3266 742 3332 videt
775 3265 835 3332 sibi
865 3265 999 3332 ablatum
1029 3271 1151 3351 tempus
1179 3260 1344 3328 sexcenties

227 3365 382 3471 optatirm,
414 3408 473 3471 quo
504 3386 605 3452 omnia
634 3386 666 3452 in
698 3391 847 3452 extremos
878 3409 963 3452 casus
993 3360 1136 3452 mitteret.
1182 3381 1237 3446 Nil
1267 3401 1343 3466 opus

228 3528 292 3571 esse
316 3505 394 3571 votis
416 3505 474 3587 ait,
505 3506 565 3570 iam
586 3506 683 3572 fatum
705 3505 783 3571 ferro
818 3529 964 3572 arcessere
995 3505 1214 3570 commilitones
1248 3505 1342 3573 iubet.

227 3625 289 3690 Eos
315 3623 349 3688 in
365 3624 503 3690 manibus
525 3623 635 3690 habere
656 3624 748 3706 dicit,
772 3631 904 3710 quantus
927 3625 1035 3691 ansar
1057 3625 1177 3691 futurus
1192 3625 1243 3694 sit.
1287 3626 1344 3692 Sed
1432 3694 1434 3699 ,

228 3745 326 3833 primo
352 3728 420 3809 loco
443 3743 501 3810 sibi
523 3743 634 3809 milites
656 3767 771 3831 semper
793 3746 915 3811 fuerunt
937 3767 1110 3832 semperque
1134 3751 1233 3813 erunt.
1359 3780 1362 3786 ⁴

340 3865 451 3931 Omnia
473 3865 545 3930 dnm
567 3864 654 3930 vobis
675 3864 778 3945 liceat,
800 3865 878 3930 nihil
901 3888 965 3930 esse
987 3887 1101 3931 recuso.
1146 3867 1233 3950 (208)

274 3984 413 4070 Pompeii
436 3984 598 4048 exercitum
633 4006 693 4049 non
729 3963 851 4049 omnino
885 3984 1055 4049 timendum
1088 3989 1189 4063 ratus,
1212 3991 1346 4050 constare

232 4101 325 4166 tradit
347 4124 382 4166 ex
405 4102 565 4196 iuvenibus
594 4102 626 4167 in
649 4103 813 4190 gymnasiis
833 4103 973 4182 eruditis,
992 4104 1042 4168 vix
1063 4125 1144 4168 arma
1166 4103 1344 4184 serentibus,

232 4243 293 4291 non
316 4225 417 4288 autem
434 4243 472 4289 ex
491 4221 620 4290 strenuis
635 4221 722 4304 viris,
746 4222 847 4318 quales
870 4222 948 4298 bella
970 4223 1112 4298 diuturna
1134 4245 1206 4294 suos
1225 4222 1346 4286 commi·
1384 4284 1385 4288 ,
