3308 5138
828 407 890 468 142

292 613 357 677 lum
380 611 554 693 obtulisset,
574 612 688 676 offenso
711 611 812 676 auimo
834 610 1034 678 illacrimasse.
1070 611 1158 677 Idem
1174 612 1303 678 Orosius
1326 613 1418 678 refert

292 729 416 796 Livium
451 731 532 800 sine.
550 729 643 796 dubio
673 734 803 794 secutus.
848 727 889 792 Et
917 729 1077 795 audiamus
1101 731 1233 796 Diouem
1260 732 1415 812 Cassium,

292 871 381 935 qoem
414 847 496 914 Livii
526 821 708 914 ¹auctoritate
741 869 830 913 usum
865 869 930 912 esse
949 849 1126 916 *vensimile
1161 858 1218 918 est.
1253 851 1289 932 ρὸ
1316 853 1343 917 δ’
1366 849 1415 917 οὖν

290 975 412 1049 Καῖσαρ
449 968 505 1041 τὴν
539 970 593 1031 τοῦ
630 965 794 1045 Πομπηίον
827 967 971 1048 κεφαλὴν
1006 969 1073 1032 ἰδὼν
1111 970 1325 1052 κατεδάκρυσε
1361 972 1414 1037 καὶ

289 1086 556 1170 κατωλοφύρατο,
587 1085 719 1162 πολίτην
745 1110 780 1150 τε
808 1086 902 1152 αὐτὸν
926 1086 978 1150 καὶ
1003 1088 1152 1170 γαμβρὸν
1180 1089 1336 1173 ὀνομάζων
1360 1092 1413 1156 καὶ

292 1205 384 1272 πάνθ’
418 1202 477 1272 ὅσα
510 1207 587 1271 τοτὲ
620 1205 771 1281 αλλήλοις
806 1206 1098 1288 οὶνθντονργήκεσαν
1135 1210 1414 1292 οὶνοορνθμούμενος,

290 1334 355 1400 τοῖς
382 1351 419 1392 τε
441 1325 662 1392 ἀποκτείνασιν
685 1327 778 1392 αὐτὸν
806 1328 878 1407 οὐχ’
901 1323 982 1401 ὅπως
1014 1329 1194 1409 εὐεργεσίαν
1225 1332 1297 1396 τινα
1327 1334 1413 1415 ὀφεί-

290 1460 357 1512 λειν
388 1445 466 1529 ἔφη,
500 1446 589 1512 ἄλλα
612 1435 665 1512 καὶ
700 1445 848 1512 furacitas
881 1446 933 1511 καὶ
965 1447 1080 1524 ἐκείνην
1103 1459 1260 1528 κοσμῆσαν
1298 1453 1411 1517 τεκαὶ

290 1569 452 1641 εὐθετῆοαν
489 1567 542 1631 καὶ
575 1565 675 1648 θάψαι
712 1566 792 1631 τιοὶν
826 1565 1022 1633 ἕκέλενοεν.”
1067 1569 1108 1633 Et
1136 1569 1316 1638 Plutarchus
1343 1595 1412 1638 eon-

289 1687 388 1752 lirmat
423 1685 580 1752 Caesarem
615 1686 754 1752 lacrimas
789 1686 921 1768 fudisse,
957 1709 1031 1773 quas
1063 1670 1221 1756 simulatas
1255 1713 1290 1756 ac
1324 1692 1412 1758 falsas

288 1805 383 1871 fuisse
414 1803 538 1871 Imoano
571 1811 649 1872 teste
682 1805 818 1892 accipere
848 1806 894 1872 fas
916 1829 977 1874 nou
1000 1815 1056 1874 est.
1102 1808 1183 1874 Usus
1206 1811 1286 1876 enim
1312 1812 1411 1878 verbis

289 1924 447 1992 inanibus:

707 2045 854 2131 Quisquis
876 2051 908 2111 te
923 2046 993 2111 flere
1016 2047 1117 2134 coegit

457 2164 612 2251 Impetus,
636 2187 654 2229 a
676 2185 745 2231 vera
767 2165 857 2252 longe
880 2165 994 2252 pietate
1016 2167 1155 2245 recessit,

287 2283 376 2350 uobis
398 2285 505 2351 fictum
527 2285 663 2349 Caesaris
685 2284 821 2350 animum
844 2307 905 2350 nou
927 2286 1029 2374 potuit
1051 2285 1191 2373 probare,
1212 2309 1308 2373 quum
1327 2310 1409 2376 mag·

286 2404 421 2488 uiloquis
443 2404 491 2469 his
513 2403 610 2469 verbis
631 2426 687 2470 nos
709 2405 808 2491 decipi
830 2428 890 2470 non
914 2406 1077 2492 patiamur.

331 2523 435 2605 Quum
465 2545 502 2588 er
537 2523 605 2588 aliis
647 2523 733 2588 libris
774 2525 847 2588 satis
881 2531 1015 2606 constet,
1052 2524 1209 2592 Lucanum
1247 2527 1404 2594 maximam

286 2649 403 2734 partem
434 2641 558 2708 Livium
585 2648 722 2708 secutum
755 2664 836 2723 esse,
871 2643 952 2708 nulla
985 2666 1074 2710 cause
1097 2667 1161 2710 esse
1186 2645 1321 2729 videtur,
1353 2671 1406 2713 our

287 2765 343 2830 hoo
374 2785 435 2829 uon
469 2761 588 2828 fecisset
621 2762 654 2826 in
688 2762 746 2826 hoc
778 2761 855 2826 libro
888 2763 1065 2842 scribendo,
1098 2765 1171 2831 licet
1205 2767 1288 2833 nullo
1321 2769 1404 2833 testi·

287 2885 389 2952 monio
413 2881 516 2970 opinio
538 2887 640 2947 nostra
658 2884 860 2948 confirmetur.
905 2884 987 2949 Nam
1006 2884 1204 2951 Plutarchum
1215 2887 1305 2951 Livio
1321 2886 1405 2951 fonte

287 3028 375 3072 usum
397 3027 477 3081 esse,
500 3003 533 3068 in
555 3001 711 3068 narrandis
730 3002 769 3067 iis
793 3025 870 3088 quae
893 3025 963 3069 oum
985 3003 1111 3069 Lucano
1134 3013 1318 3092 congruant,
1342 3028 1402 3070 nou

287 3125 360 3191 satis
381 3124 469 3190 nobis
492 3129 620 3198 constat.
666 3121 726 3187 Sed
748 3145 783 3187 eo
807 3123 903 3209 magis
926 3123 1098 3189 mirandum
1122 3131 1168 3189 est
1189 3125 1346 3190 Lucanum
1368 3148 1402 3190 eo

285 3267 382 3332 usque
411 3243 481 3310 odio
511 3249 603 3327 atque
632 3241 736 3307 studio
762 3241 940 3323 indulsisse,
964 3249 1000 3307 ut
1022 3243 1060 3308 ab
1082 3250 1205 3308 auctore
1227 3266 1282 3309 suo
1309 3244 1403 3310 disce·

188 3411 191 3418 ,
286 3366 355 3446 dat,
390 3363 459 3450 qui,
495 3363 553 3428 etsi
575 3361 701 3426 minime
730 3362 851 3426 Caesari
883 3362 1005 3443 favens,
1041 3371 1144 3428 tamen
1178 3363 1311 3429 dolorem
1338 3365 1402 3430 eius

287 3491 378 3570 atque
399 3479 491 3547 animi
513 3479 768 3568 perturbationem
791 3479 866 3546 falsa
887 3482 1016 3567 fictaque
1038 3481 1130 3548 faisse
1150 3505 1212 3549 uon
1236 3483 1365 3570 scripsit.

329 3603 391 3668 Ubi
417 3601 560 3668 Lucanus
586 3599 696 3694 nuntio
723 3600 884 3686 exprobrat
906 3607 1033 3667 mortem
1055 3603 1207 3689 Pompeii,
1231 3625 1292 3689 qua
1314 3604 1402 3669 caede

285 3723 343 3790 sibi
374 3722 449 3788 dicit
479 3720 647 3787 adversario
676 3720 818 3806 parcendi
845 3720 1018 3786 facultatem
1047 3728 1183 3808 ereptum
1212 3745 1290 3803 esse,
1312 3727 1401 3809 po'e‘ta

286 3841 421 3910 oratione
438 3840 551 3906 ironiae
568 3839 657 3924 plena
675 3838 788 3918 utitur,
811 3834 901 3924 quam
921 3845 1022 3905 tamen
1040 3863 1097 3906 nos
1115 3863 1170 3928 pro
1189 3863 1259 3906 vera
1270 3841 1418 3927 accipere

288 3963 380 4028 iuvat.
392 3958 551 4026 Nonnulla
563 3957 643 4022 euim
655 3956 791 4043 exempla
802 3957 895 4022 animi
908 3958 1126 4043 magnitudinis
1137 3958 1244 4025 Caesar
1256 3959 1400 4026 ediderat.

283 4080 392 4166 Neque
421 4078 501 4166 apud
530 4099 711 4164 quemquam
742 4076 919 4162 scriptorem
947 4078 1117 4144 invenimus
1149 4079 1294 4166 populum
1327 4079 1400 4146 Cae·

286 4203 359 4270 saris
380 4199 521 4266 tristitiae
543 4197 661 4264 credere
683 4219 819 4283 negasse:
843 4197 1043 4284 Pompeianae
1069 4197 1164 4285 partis
1185 4199 1315 4266 nimium
1337 4206 1400 4269 stu·
