3296 5132
873 387 911 447 12

329 590 438 678 utitur)
470 591 689 678 quinquennale
715 592 797 656 Nero
822 590 937 677 primus
965 589 1098 654 omnium
1121 588 1235 654 Romae
1257 588 1444 666 instituerat,

326 687 522 795 Neroniaque
545 710 746 797 appellaverat
759 712 795 794 ¹).
841 709 926 790 Quae
949 708 1037 774 verba
1069 709 1202 795 „primus
1224 709 1361 773 omnium
1385 708 1445 772 Ro·

328 828 415 895 mae''
450 830 488 894 ad
520 829 612 894 trium
647 829 817 895 certaminis
851 850 995 915 generum
1023 827 1267 892 coniunctionem
1298 834 1444 915 spectant.

327 947 459 1035 Neapoli
493 948 573 1014 enim
606 949 668 1013 iam
702 954 772 1012 aute
804 947 863 1012 hoc
896 945 961 1011 ludi
995 968 1090 1032 genus
1115 945 1269 1024 edebatur,
1300 948 1445 1033 quoiam

330 1071 488 1153 Augustus
520 1087 550 1132 se
580 1065 744 1131 contulisse
773 1064 925 1130 dicituro
949 1063 1114 1143 Suetonio,
1145 1065 1202 1144 „ad
1225 1065 1446 1151 quinquennale

329 1192 476 1252 cemamen
504 1184 677 1273 gymnicum
705 1183 812 1250 honori
844 1205 898 1250 suo
929 1184 1102 1249 institutum
1124 1182 1393 1270 perspectandum'’
1408 1187 1443 1269 2).

329 1305 389 1372 Sed
408 1303 570 1370 Suetonius
592 1303 624 1368 iu
650 1302 730 1382 loco,
749 1303 802 1388 qui
822 1303 910 1368 nobis
932 1302 963 1367 iu
986 1303 1124 1367 manibus
1147 1312 1208 1384 est,
1222 1303 1285 1389 agit
1305 1304 1342 1368 de
1355 1303 1445 1368 variis

329 1424 564 1512 spectaculorum
591 1422 767 1524 generibus,
792 1445 885 1507 quum
912 1421 986 1486 dicit
1009 1419 1160 1486 Neronem
1187 1429 1337 1487 certamen
1359 1423 1447 1509 quin·

329 1543 474 1629 quennale
496 1542 680 1622 instituisse,
705 1541 868 1626 quoderat
888 1540 1052 1616 musicum,
1082 1541 1270 1626 gymnicum,
1295 1549 1444 1626 equestre,

330 1685 409 1728 anuo
439 1661 629 1727 DOOCXIII
650 1660 690 1727 U.
709 1659 745 1726 O.
769 1663 822 1746 (60
846 1684 876 1747 p.
902 1661 938 1726 C.
956 1662 1016 1745 n).
1062 1660 1160 1724 Addit
1190 1660 1352 1726 Suetonius
1381 1662 1447 1726 loco

329 1782 451 1848 laudato
484 1781 636 1846 Neronem
668 1781 759 1846 etiam
783 1781 971 1867 gymnasium
1002 1779 1204 1860 dedicavisse,
1231 1781 1313 1866 quod
1342 1781 1447 1846 Tacito

330 1908 407 1966 teste
430 1896 469 1994 3)Ι
490 1923 569 1966 auno
604 1899 743 1984 sequenti
770 1881 883 1964 factum
919 1906 973 1964 est.
1020 1899 1190 1964 Secundum
1227 1900 1448 1985 quinquennale

331 2027 479 2084 certamen
499 2018 677 2084 celebratum
693 2039 757 2083 esse
775 2024 844 2104 post
863 2018 1011 2098 lustrum,
1033 2041 1105 2104 ergo
1128 2041 1206 2082 anuo
1230 2017 1448 2084 DCCOXVIll

331 2137 372 2204 U.
388 2137 423 2204 C.
447 2140 501 2223 (65
525 2161 554 2223 p.
577 2136 612 2202 Ο.
635 2139 696 2222 n.),
727 2136 849 2201 'l'aoitus
877 2144 1064 2218 auctorest,
1096 2137 1175 2202 unde
1199 2137 1270 2202 huic
1294 2139 1449 2203 certamini

329 2278 438 2322 nomeu
473 2255 590 2320 lustrali
620 2256 685 2320 iure
711 2254 749 2319 ab
783 2277 818 2319 eo
852 2255 938 2320 datur
961 2259 998 2339 ⁴).
1042 2256 1126 2320 Nero
1159 2257 1256 2343 igitur
1289 2258 1449 2321 certamine

332 2371 553 2459 quinquennali
570 2371 757 2438 instituendo
782 2396 892 2438 morem
913 2375 1099 2460 superiorum
1119 2375 1288 2462 principum
1312 2385 1447 2455 secutus,

334 2491 460 2558 dimidio
483 2500 583 2557 tamen
606 2492 797 2557 intervallum
819 2492 978 2573 diminuit,
1009 2516 1104 2578 quum
1135 2495 1187 2558 alii
1206 2495 1316 2560 ¹Dione
1346 2479 1449 2561 Cassio

333 2619 455 2676 auctore
472 2613 497 2696 ⁵)
521 2609 744 2692 αὐτοκράτορες
771 2611 870 2676 καίτοι
894 2611 1005 2688 μηκέτ’
1030 2615 1059 2684 ἐς
1085 2613 1201 2694 τακτὸν
1225 2614 1349 2694 χρόνον,
1375 2616 1449 2678 ἀλλ’

333 2733 364 2804 ἐς
399 2728 507 2795 πάντα
542 2730 693 2808 καθάπαξ
728 2733 779 2796 τὸν
814 2731 882 2810 βίον
915 2733 1179 2812 ἀποδεικνύμενοι,
1211 2729 1291 2810 ὅμως
1316 2734 1364 2799 aa
1391 2740 1449 2798 τῶν

334 2850 409 2916 δέκα
439 2851 487 2916 cisi
525 2853 600 2916 ἑτῶν
626 2852 783 2934 ἑώρτασαν
815 2855 853 2925 ὡς
890 2856 942 2917 καὶ
981 2855 1036 2926 τὴν
1066 2853 1234 2932 ἡγεμονίαν
1261 2849 1344 2925 αὖθις
1378 2853 1449 2918 τότε

336 2970 562 3048 ἀνανεούμενοι.

377 3091 487 3176 Itaque
520 3090 681 3156 certamine
717 3101 783 3157 acto
812 3094 844 3156 iu
871 3093 1011 3179 Pompeii
1032 3093 1177 3172 Tlieatro,
1208 3093 1351 3158 Lucanus
1375 3100 1450 3158 teste

336 3209 435 3275 Vacca
470 3217 627 3274 coronatus
661 3211 730 3276 tuit.
776 3211 835 3276 Sed
863 3235 922 3276 uon
954 3219 1038 3277 eraut
1068 3210 1124 3276 bae
1156 3211 1269 3296 primae
1291 3211 1394 3276 laudes
1417 3220 1452 3276 ut

336 3329 498 3395 Suetonius
523 3328 632 3408 tradit,
657 3352 730 3414 quas
753 3323 811 3396 sibi
835 3331 961 3417 peperit.
983 3329 1064 3395 Nam
1088 3338 1119 3395 et
1144 3352 1295 3395 causarum
1323 3329 1451 3394 actioni-

334 3448 391 3515 bus
413 3458 443 3514 et
473 3448 657 3513 carminibus
687 3450 820 3514 recitatis
845 3449 905 3513 iam
929 3457 997 3513 ante
1020 3448 1205 3514 inclaruerat.
1252 3449 1329 3514 llum
1352 3456 1451 3534 patro·

334 3590 406 3632 num
442 3589 564 3653 quoque
598 3589 757 3632 causarum
790 3569 898 3648 fuisse,
929 3565 1008 3633 uuus
1033 3567 1133 3633 Vacca
1162 3575 1278 3647 narrat3
1309 3567 1451 3652 quemad-

349 3741 555 3751 —-—.—-—

368 3826 387 3892 ¹)
408 3823 486 3878 Nero.
506 3823 549 3878 12.

367 3911 387 3978 ²)
406 3909 467 3966 Div.
486 3911 556 3980 Aug.
575 3910 617 3964 99.

367 3997 389 4066 ³)
407 3997 478 4051 Anu.
496 3993 573 4051 XlV.
591 3996 635 4054 47.
654 3997 678 4050 3.

368 4085 389 4152 4)
409 4084 477 4137 Anu.
496 4079 571 4136 XVI.
591 4083 615 4137 2.
634 4083 659 4138 4.

370 4169 390 4242 ⁵)
411 4166 462 4225 Dio
481 4166 553 4224 cass.
572 4165 644 4225 Idll
662 4166 704 4222 16.
