<?xml version="1.0" encoding="UTF-8"?>
<!DOCTYPE html PUBLIC "-//W3C//DTD XHTML 1.0 Transitional//EN"
    "http://www.w3.org/TR/xhtml1/DTD/xhtml1-transitional.dtd">
<html xmlns="http://www.w3.org/1999/xhtml" xml:lang="en" lang="en">
 <head>
  <title>
</title>
<meta http-equiv="Content-Type" content="text/html;charset=utf-8" />
  <meta name='ocr-system' content='tesseract 3.04.00' />
  <meta name='ocr-capabilities' content='ocr_page ocr_carea ocr_par ocr_line ocrx_word'/>
</head>
<body>
  <div class='ocr_page' id='page_1' title='image "./delucanifontibu00singgoog_0132.png"; bbox 0 0 3308 5138; ppageno 0'>
   <div class='ocr_carea' id='block_1_1' title="bbox 735 417 796 481">
    <p class='ocr_par' dir='ltr' id='par_1_1' title="bbox 735 417 796 481">
     <span class='ocr_line' id='line_1_1' title="bbox 735 417 796 481; baseline 0.066 -4"><span class='ocrx_word' id='word_1_1' title='bbox 735 417 796 481; x_wconf 82' lang='lat'>121</span> 
     </span>
    </p>
   </div>
   <div class='ocr_carea' id='block_1_2' title="bbox 116 619 1422 3345">
    <p class='ocr_par' dir='ltr' id='par_1_2' title="bbox 116 619 1355 1550">
     <span class='ocr_line' id='line_1_2' title="bbox 200 619 1336 711; baseline 0.006 -24"><span class='ocrx_word' id='word_1_2' title='bbox 200 621 326 687; x_wconf 85' lang='lat' dir='ltr'><strong>nimiam</strong></span> <span class='ocrx_word' id='word_1_3' title='bbox 342 620 493 686; x_wconf 86' lang='lat' dir='ltr'>luxuriam</span> <span class='ocrx_word' id='word_1_4' title='bbox 511 625 541 684; x_wconf 87' lang='lat' dir='ltr'>et</span> <span class='ocrx_word' id='word_1_5' title='bbox 559 619 703 686; x_wconf 87' lang='lat' dir='ltr'>victoriae</span> <span class='ocrx_word' id='word_1_6' title='bbox 725 621 869 688; x_wconf 84' lang='lat' dir='ltr'>fiduciam</span> <span class='ocrx_word' id='word_1_7' title='bbox 889 622 1096 711; x_wconf 76' lang='lat' dir='ltr'>designarent,</span> <span class='ocrx_word' id='word_1_8' title='bbox 1116 626 1193 692; x_wconf 88' lang='lat' dir='ltr'>idem</span> <span class='ocrx_word' id='word_1_9' title='bbox 1215 625 1336 695; x_wconf 73' lang='lat' dir='ltr'>naria·</span> 
     </span>
     <span class='ocr_line' id='line_1_3' title="bbox 116 739 1317 829; baseline 0.005 -23"><span class='ocrx_word' id='word_1_10' title='bbox 116 799 118 806; x_wconf 93' lang='lat'>.</span> <span class='ocrx_word' id='word_1_11' title='bbox 200 741 299 806; x_wconf 79' lang='lat' dir='ltr'>Facile</span> <span class='ocrx_word' id='word_1_12' title='bbox 322 763 358 806; x_wconf 87' lang='lat' dir='ltr'>ex</span> <span class='ocrx_word' id='word_1_13' title='bbox 382 740 419 806; x_wconf 94' lang='lat' dir='ltr'>iis</span> <span class='ocrx_word' id='word_1_14' title='bbox 442 739 610 826; x_wconf 83' lang='lat' dir='ltr'>colligimus</span> <span class='ocrx_word' id='word_1_15' title='bbox 628 739 704 805; x_wconf 89' lang='lat' dir='ltr'>nihil</span> <span class='ocrx_word' id='word_1_16' title='bbox 720 741 816 807; x_wconf 83' lang='lat' dir='ltr'>victos</span> <span class='ocrx_word' id='word_1_17' title='bbox 835 741 872 808; x_wconf 87' lang='lat' dir='ltr'>de</span> <span class='ocrx_word' id='word_1_18' title='bbox 891 748 1004 808; x_wconf 85' lang='lat' dir='ltr'>eventu</span> <span class='ocrx_word' id='word_1_19' title='bbox 1015 743 1081 810; x_wconf 88' lang='lat' dir='ltr'>eius</span> <span class='ocrx_word' id='word_1_20' title='bbox 1092 744 1152 811; x_wconf 91' lang='lat' dir='ltr'>diei</span> <span class='ocrx_word' id='word_1_21' title='bbox 1164 745 1317 829; x_wconf 89' lang='lat' dir='ltr'>timuisse,</span> 
     </span>
     <span class='ocr_line' id='line_1_4' title="bbox 200 861 1355 953; baseline 0.003 -26"><span class='ocrx_word' id='word_1_22' title='bbox 200 863 254 947; x_wconf 93' lang='lat' dir='ltr'>qui</span> <span class='ocrx_word' id='word_1_23' title='bbox 284 885 345 929; x_wconf 94' lang='lat' dir='ltr'>non</span> <span class='ocrx_word' id='word_1_24' title='bbox 367 861 545 928; x_wconf 91' lang='lat' dir='ltr'>necessarias</span> <span class='ocrx_word' id='word_1_25' title='bbox 571 861 785 948; x_wconf 86' lang='lat' dir='ltr'>conquirerent</span> <span class='ocrx_word' id='word_1_26' title='bbox 806 862 985 950; x_wconf 84' lang='lat' dir='ltr'>voluptates.</span> <span class='ocrx_word' id='word_1_27' title='bbox 1033 865 1118 946; x_wconf 79' lang='lat' dir='ltr'>,seit</span> <span class='ocrx_word' id='word_1_28' title='bbox 1140 865 1198 934; x_wconf 87' lang='lat' dir='ltr'>den</span> <span class='ocrx_word' id='word_1_29' title='bbox 1214 865 1319 953; x_wconf 80' lang='lat' dir='ltr'>Ereig·</span> <span class='ocrx_word' id='word_1_30' title='bbox 1353 941 1355 945; x_wconf 78' lang='lat'>.</span> 
     </span>
     <span class='ocr_line' id='line_1_5' title="bbox 198 980 1318 1072; baseline 0.003 -25"><span class='ocrx_word' id='word_1_31' title='bbox 198 981 302 1048; x_wconf 87' lang='lat' dir='ltr'>nissen</span> <span class='ocrx_word' id='word_1_32' title='bbox 324 1003 385 1048; x_wconf 83' lang='lat' dir='ltr'>von</span> <span class='ocrx_word' id='word_1_33' title='bbox 407 980 630 1069; x_wconf 80' lang='lat' dir='ltr'>Dyrrhachium</span> <span class='ocrx_word' id='word_1_34' title='bbox 653 981 859 1048; x_wconf 87' lang='lat' dir='ltr'>betrachteten</span> <span class='ocrx_word' id='word_1_35' title='bbox 883 982 966 1048; x_wconf 89' lang='lat' dir='ltr'>diese</span> <span class='ocrx_word' id='word_1_36' title='bbox 990 982 1318 1072; x_wconf 78' lang='lat' dir='ltr'>HerrudenPriumph</span> 
     </span>
     <span class='ocr_line' id='line_1_6' title="bbox 199 1100 1320 1188; baseline 0.003 -21"><span class='ocrx_word' id='word_1_37' title='bbox 199 1103 279 1168; x_wconf 82' lang='lat' dir='ltr'>ihrer</span> <span class='ocrx_word' id='word_1_38' title='bbox 312 1101 413 1167; x_wconf 90' lang='lat' dir='ltr'>Partei</span> <span class='ocrx_word' id='word_1_39' title='bbox 446 1100 490 1166; x_wconf 92' lang='lat' dir='ltr'>als</span> <span class='ocrx_word' id='word_1_40' title='bbox 523 1101 589 1168; x_wconf 91' lang='lat' dir='ltr'>eine</span> <span class='ocrx_word' id='word_1_41' title='bbox 623 1101 835 1188; x_wconf 87' lang='lat' dir='ltr'>ausgemachte</span> <span class='ocrx_word' id='word_1_42' title='bbox 864 1102 1047 1169; x_wconf 77' lang='lat' dir='ltr'>Thatsacher</span> <span class='ocrx_word' id='word_1_43' title='bbox 1081 1102 1191 1169; x_wconf 90' lang='lat' dir='ltr'>bereits</span> <span class='ocrx_word' id='word_1_44' title='bbox 1218 1105 1320 1170; x_wconf 88' lang='lat' dir='ltr'>wurde</span> 
     </span>
     <span class='ocr_line' id='line_1_7' title="bbox 199 1221 1320 1313; baseline 0.006 -27"><span class='ocrx_word' id='word_1_45' title='bbox 199 1221 287 1308; x_wconf 85' lang='lat' dir='ltr'>eilrig</span> <span class='ocrx_word' id='word_1_46' title='bbox 318 1222 462 1308; x_wconf 83' lang='lat' dir='ltr'>gehade&#39;rt</span> <span class='ocrx_word' id='word_1_47' title='bbox 484 1221 559 1289; x_wconf 85' lang='lat' dir='ltr'>iiber</span> <span class='ocrx_word' id='word_1_48' title='bbox 581 1223 631 1289; x_wconf 90' lang='lat' dir='ltr'>dic</span> <span class='ocrx_word' id='word_1_49' title='bbox 653 1223 823 1310; x_wconf 84' lang='lat' dir='ltr'>Besetaung</span> <span class='ocrx_word' id='word_1_50' title='bbox 851 1247 911 1290; x_wconf 86' lang='lat' dir='ltr'>von</span> <span class='ocrx_word' id='word_1_51' title='bbox 934 1223 1057 1290; x_wconf 77' lang='lat' dir='ltr'>(laesere</span> <span class='ocrx_word' id='word_1_52' title='bbox 1079 1223 1320 1313; x_wconf 85' lang='lat' dir='ltr'>Oberpontiflcat</span> 
     </span>
     <span class='ocr_line' id='line_1_8' title="bbox 199 1341 1319 1430; baseline 0.005 -23"><span class='ocrx_word' id='word_1_53' title='bbox 199 1341 263 1407; x_wconf 88' lang='lat' dir='ltr'>und</span> <span class='ocrx_word' id='word_1_54' title='bbox 292 1341 426 1430; x_wconf 81' lang='lat' dir='ltr'>Aufrage</span> <span class='ocrx_word' id='word_1_55' title='bbox 450 1341 527 1408; x_wconf 87' lang='lat' dir='ltr'>nach</span> <span class='ocrx_word' id='word_1_56' title='bbox 550 1343 628 1408; x_wconf 83' lang='lat' dir='ltr'>Rom</span> <span class='ocrx_word' id='word_1_57' title='bbox 652 1343 780 1430; x_wconf 89' lang='lat' dir='ltr'>gesandt</span> <span class='ocrx_word' id='word_1_58' title='bbox 803 1367 856 1410; x_wconf 90' lang='lat' dir='ltr'>um</span> <span class='ocrx_word' id='word_1_59' title='bbox 879 1344 928 1410; x_wconf 82' lang='lat' dir='ltr'>ffir</span> <span class='ocrx_word' id='word_1_60' title='bbox 951 1344 1000 1410; x_wconf 90' lang='lat' dir='ltr'>die</span> <span class='ocrx_word' id='word_1_61' title='bbox 1023 1345 1167 1411; x_wconf 72' lang='lat' dir='ltr'>ntchsten</span> <span class='ocrx_word' id='word_1_62' title='bbox 1191 1345 1319 1414; x_wconf 79' lang='lat' dir='ltr'>wellen</span> 
     </span>
     <span class='ocr_line' id='line_1_9' title="bbox 200 1461 818 1550; baseline 0.005 -22"><span class='ocrx_word' id='word_1_63' title='bbox 200 1463 320 1528; x_wconf 77' lang='lat' dir='ltr'>H‘auser</span> <span class='ocrx_word' id='word_1_64' title='bbox 342 1485 389 1527; x_wconf 88' lang='lat' dir='ltr'>um</span> <span class='ocrx_word' id='word_1_65' title='bbox 413 1462 516 1528; x_wconf 90' lang='lat' dir='ltr'>Markt</span> <span class='ocrx_word' id='word_1_66' title='bbox 539 1484 578 1527; x_wconf 85' lang='lat' dir='ltr'>au</span> <span class='ocrx_word' id='word_1_67' title='bbox 600 1461 755 1528; x_wconf 90' lang='lat' dir='ltr'>miethen&#39;’</span> <span class='ocrx_word' id='word_1_68' title='bbox 781 1464 818 1550; x_wconf 82' lang='lat'>¹).</span> 
     </span>
    </p>

    <p class='ocr_par' dir='ltr' id='par_1_3' title="bbox 172 1577 1422 3345">
     <span class='ocr_line' id='line_1_10' title="bbox 242 1577 1422 1670; baseline 0.007 -24"><span class='ocrx_word' id='word_1_69' title='bbox 242 1582 289 1647; x_wconf 92' lang='lat' dir='ltr'>De</span> <span class='ocrx_word' id='word_1_70' title='bbox 312 1603 438 1647; x_wconf 88' lang='lat' dir='ltr'>numero</span> <span class='ocrx_word' id='word_1_71' title='bbox 459 1582 608 1664; x_wconf 90' lang='lat' dir='ltr'>militum,</span> <span class='ocrx_word' id='word_1_72' title='bbox 631 1579 686 1670; x_wconf 91' lang='lat' dir='ltr'>qui</span> <span class='ocrx_word' id='word_1_73' title='bbox 705 1583 849 1670; x_wconf 85' lang='lat' dir='ltr'>utrinque</span> <span class='ocrx_word' id='word_1_74' title='bbox 861 1582 1054 1664; x_wconf 87' lang='lat' dir='ltr'>oeciderunt,</span> <span class='ocrx_word' id='word_1_75' title='bbox 1067 1577 1149 1670; x_wconf 87' lang='lat' dir='ltr'>apud</span> <span class='ocrx_word' id='word_1_76' title='bbox 1160 1585 1319 1654; x_wconf 90' lang='lat' dir='ltr'>Lucanum</span> <span class='ocrx_word' id='word_1_77' title='bbox 1419 1656 1422 1663; x_wconf 77' lang='grc'><strong>,</strong></span> 
     </span>
     <span class='ocr_line' id='line_1_11' title="bbox 199 1700 1318 1790; baseline 0.004 -23"><span class='ocrx_word' id='word_1_78' title='bbox 199 1701 276 1767; x_wconf 91' lang='lat' dir='ltr'>nihil</span> <span class='ocrx_word' id='word_1_79' title='bbox 299 1700 437 1788; x_wconf 88' lang='lat' dir='ltr'>legimus.</span> <span class='ocrx_word' id='word_1_80' title='bbox 484 1702 551 1768; x_wconf 77' lang='lat' dir='ltr'>Etsi</span> <span class='ocrx_word' id='word_1_81' title='bbox 574 1701 669 1789; x_wconf 91' lang='lat' dir='ltr'>igitur</span> <span class='ocrx_word' id='word_1_82' title='bbox 693 1703 807 1767; x_wconf 84' lang='lat' dir='ltr'>sontem</span> <span class='ocrx_word' id='word_1_83' title='bbox 830 1701 897 1766; x_wconf 91' lang='lat' dir='ltr'>eius</span> <span class='ocrx_word' id='word_1_84' title='bbox 919 1701 1055 1790; x_wconf 87' lang='lat' dir='ltr'>indagari</span> <span class='ocrx_word' id='word_1_85' title='bbox 1078 1725 1152 1789; x_wconf 91' lang='lat' dir='ltr'>opus</span> <span class='ocrx_word' id='word_1_86' title='bbox 1174 1727 1236 1771; x_wconf 89' lang='lat' dir='ltr'>non</span> <span class='ocrx_word' id='word_1_87' title='bbox 1259 1712 1318 1789; x_wconf 88' lang='lat' dir='ltr'>est,</span> 
     </span>
     <span class='ocr_line' id='line_1_12' title="bbox 199 1819 1319 1908; baseline 0.009 -25"><span class='ocrx_word' id='word_1_88' title='bbox 199 1819 303 1908; x_wconf 90' lang='lat' dir='ltr'>paucis</span> <span class='ocrx_word' id='word_1_89' title='bbox 335 1827 434 1885; x_wconf 81' lang='lat' dir='ltr'>tamen</span> <span class='ocrx_word' id='word_1_90' title='bbox 465 1820 543 1886; x_wconf 89' lang='lat' dir='ltr'>hanc</span> <span class='ocrx_word' id='word_1_91' title='bbox 572 1844 634 1887; x_wconf 89' lang='lat' dir='ltr'>rem</span> <span class='ocrx_word' id='word_1_92' title='bbox 665 1823 863 1908; x_wconf 79' lang='lat' dir='ltr'>attingemus,</span> <span class='ocrx_word' id='word_1_93' title='bbox 894 1821 967 1908; x_wconf 91' lang='lat' dir='ltr'>quia</span> <span class='ocrx_word' id='word_1_94' title='bbox 989 1829 1142 1889; x_wconf 83' lang='lat' dir='ltr'>auctorem</span> <span class='ocrx_word' id='word_1_95' title='bbox 1164 1825 1319 1895; x_wconf 91' lang='lat' dir='ltr'>nominare</span> 
     </span>
     <span class='ocr_line' id='line_1_13' title="bbox 199 1939 1320 2033; baseline 0.006 -28"><span class='ocrx_word' id='word_1_96' title='bbox 199 1939 358 2019; x_wconf 90' lang='lat' dir='ltr'>debemus,</span> <span class='ocrx_word' id='word_1_97' title='bbox 383 1963 474 2026; x_wconf 88' lang='lat' dir='ltr'>quem</span> <span class='ocrx_word' id='word_1_98' title='bbox 499 1940 654 2007; x_wconf 87' lang='lat' dir='ltr'>interdum</span> <span class='ocrx_word' id='word_1_99' title='bbox 679 1943 807 2007; x_wconf 89' lang='lat' dir='ltr'>fortasse</span> <span class='ocrx_word' id='word_1_100' title='bbox 830 1944 955 2009; x_wconf 86' lang='lat' dir='ltr'>Lucano</span> <span class='ocrx_word' id='word_1_101' title='bbox 979 1943 1092 2008; x_wconf 85' lang='lat' dir='ltr'>fontem</span> <span class='ocrx_word' id='word_1_102' title='bbox 1111 1943 1205 2010; x_wconf 84' lang='lat' dir='ltr'>fuisse</span> <span class='ocrx_word' id='word_1_103' title='bbox 1222 1947 1320 2033; x_wconf 87' lang='lat' dir='ltr'>suspi-</span> 
     </span>
     <span class='ocr_line' id='line_1_14' title="bbox 199 2059 1320 2148; baseline 0.006 -24"><span class='ocrx_word' id='word_1_104' title='bbox 199 2059 258 2124; x_wconf 89' lang='lat' dir='ltr'>cati</span> <span class='ocrx_word' id='word_1_105' title='bbox 289 2081 405 2126; x_wconf 87' lang='lat' dir='ltr'>sumus.</span> <span class='ocrx_word' id='word_1_106' title='bbox 451 2061 561 2126; x_wconf 85' lang='lat' dir='ltr'>Caesar</span> <span class='ocrx_word' id='word_1_107' title='bbox 590 2061 655 2148; x_wconf 90' lang='lat' dir='ltr'>ipse</span> <span class='ocrx_word' id='word_1_108' title='bbox 682 2061 777 2126; x_wconf 85' lang='lat' dir='ltr'>tradit</span> <span class='ocrx_word' id='word_1_109' title='bbox 807 2061 840 2126; x_wconf 89' lang='lat' dir='ltr'>in</span> <span class='ocrx_word' id='word_1_110' title='bbox 867 2061 982 2148; x_wconf 92' lang='lat' dir='ltr'>proelio</span> <span class='ocrx_word' id='word_1_111' title='bbox 1013 2061 1183 2128; x_wconf 88' lang='lat' dir='ltr'>Pharsalico</span> <span class='ocrx_word' id='word_1_112' title='bbox 1206 2087 1236 2129; x_wconf 87' lang='lat' dir='ltr'>se</span> <span class='ocrx_word' id='word_1_113' title='bbox 1259 2088 1320 2131; x_wconf 91' lang='lat' dir='ltr'>non</span> 
     </span>
     <span class='ocr_line' id='line_1_15' title="bbox 172 2179 1321 2276; baseline 0.007 -34"><span class='ocrx_word' id='word_1_114' title='bbox 172 2181 326 2268; x_wconf 79' lang='lat' dir='ltr'>amplius</span> <span class='ocrx_word' id='word_1_115' title='bbox 357 2179 503 2245; x_wconf 89' lang='lat' dir='ltr'>ducentos</span> <span class='ocrx_word' id='word_1_116' title='bbox 533 2179 646 2245; x_wconf 88' lang='lat' dir='ltr'>milites</span> <span class='ocrx_word' id='word_1_117' title='bbox 677 2179 870 2261; x_wconf 85' lang='lat' dir='ltr'>desiderasse,</span> <span class='ocrx_word' id='word_1_118' title='bbox 898 2180 958 2276; x_wconf 65' lang='lat' dir='ltr'>⁸sed</span> <span class='ocrx_word' id='word_1_119' title='bbox 986 2181 1179 2248; x_wconf 90' lang='lat' dir='ltr'>centuriones</span> <span class='ocrx_word' id='word_1_120' title='bbox 1202 2183 1321 2250; x_wconf 90' lang='lat' dir='ltr'>circiter</span> 
     </span>
     <span class='ocr_line' id='line_1_16' title="bbox 199 2299 1320 2388; baseline 0.004 -24"><span class='ocrx_word' id='word_1_121' title='bbox 199 2299 323 2386; x_wconf 88' lang='lat' dir='ltr'>triginta</span> <span class='ocrx_word' id='word_1_122' title='bbox 343 2299 485 2365; x_wconf 88' lang='lat' dir='ltr'>cecidisse</span> <span class='ocrx_word' id='word_1_123' title='bbox 505 2299 604 2364; x_wconf 88' lang='lat' dir='ltr'>refert.</span> <span class='ocrx_word' id='word_1_124' title='bbox 651 2301 693 2364; x_wconf 85' lang='lat' dir='ltr'>At</span> <span class='ocrx_word' id='word_1_125' title='bbox 714 2299 841 2366; x_wconf 87' lang='lat' dir='ltr'>Asinius</span> <span class='ocrx_word' id='word_1_126' title='bbox 863 2299 981 2382; x_wconf 92' lang='lat' dir='ltr'>Pollio,</span> <span class='ocrx_word' id='word_1_127' title='bbox 1004 2301 1091 2366; x_wconf 89' lang='lat' dir='ltr'>testis</span> <span class='ocrx_word' id='word_1_128' title='bbox 1109 2300 1205 2388; x_wconf 91' lang='lat' dir='ltr'>igitur</span> <span class='ocrx_word' id='word_1_129' title='bbox 1224 2303 1320 2368; x_wconf 89' lang='lat' dir='ltr'>haud-</span> 
     </span>
     <span class='ocr_line' id='line_1_17' title="bbox 199 2401 1319 2507; baseline 0.006 -23"><span class='ocrx_word' id='word_1_130' title='bbox 199 2401 353 2507; x_wconf 79' lang='lat' dir='ltr'>quaquam</span> <span class='ocrx_word' id='word_1_131' title='bbox 382 2418 572 2506; x_wconf 89' lang='lat' dir='ltr'>Pompeianis</span> <span class='ocrx_word' id='word_1_132' title='bbox 602 2418 738 2506; x_wconf 88' lang='lat' dir='ltr'>partibus</span> <span class='ocrx_word' id='word_1_133' title='bbox 771 2420 888 2501; x_wconf 84' lang='lat' dir='ltr'>favens,</span> <span class='ocrx_word' id='word_1_134' title='bbox 922 2420 977 2505; x_wconf 93' lang='lat' dir='ltr'>qui</span> <span class='ocrx_word' id='word_1_135' title='bbox 1000 2419 1078 2487; x_wconf 90' lang='lat' dir='ltr'>inter</span> <span class='ocrx_word' id='word_1_136' title='bbox 1100 2421 1192 2488; x_wconf 89' lang='lat' dir='ltr'>duces</span> <span class='ocrx_word' id='word_1_137' title='bbox 1214 2422 1319 2490; x_wconf 81' lang='lat' dir='ltr'>(laesa-</span> 
     </span>
     <span class='ocr_line' id='line_1_18' title="bbox 199 2537 1320 2631; baseline 0.002 -25"><span class='ocrx_word' id='word_1_138' title='bbox 199 2541 300 2606; x_wconf 90' lang='lat' dir='ltr'>rianos</span> <span class='ocrx_word' id='word_1_139' title='bbox 324 2539 352 2604; x_wconf 91' lang='lat' dir='ltr'>ei</span> <span class='ocrx_word' id='word_1_140' title='bbox 375 2537 488 2624; x_wconf 90' lang='lat' dir='ltr'>proelio</span> <span class='ocrx_word' id='word_1_141' title='bbox 511 2537 659 2623; x_wconf 86' lang='lat' dir='ltr'>praefuit,</span> <span class='ocrx_word' id='word_1_142' title='bbox 682 2561 742 2604; x_wconf 92' lang='lat' dir='ltr'>non</span> <span class='ocrx_word' id='word_1_143' title='bbox 761 2539 828 2626; x_wconf 89' lang='lat' dir='ltr'>plus</span> <span class='ocrx_word' id='word_1_144' title='bbox 851 2562 903 2604; x_wconf 88' lang='lat' dir='ltr'>sex</span> <span class='ocrx_word' id='word_1_145' title='bbox 923 2540 1054 2606; x_wconf 89' lang='lat' dir='ltr'>millibus</span> <span class='ocrx_word' id='word_1_146' title='bbox 1070 2564 1108 2606; x_wconf 82' lang='lat' dir='ltr'>ex</span> <span class='ocrx_word' id='word_1_147' title='bbox 1125 2542 1320 2631; x_wconf 89' lang='lat' dir='ltr'>Pompeianis</span> 
     </span>
     <span class='ocr_line' id='line_1_19' title="bbox 200 2655 1319 2746; baseline 0.004 -22"><span class='ocrx_word' id='word_1_148' title='bbox 200 2658 341 2724; x_wconf 88' lang='lat' dir='ltr'>cecidisse</span> <span class='ocrx_word' id='word_1_149' title='bbox 363 2657 396 2720; x_wconf 92' lang='lat' dir='ltr'>in</span> <span class='ocrx_word' id='word_1_150' title='bbox 419 2655 482 2720; x_wconf 91' lang='lat' dir='ltr'>suis</span> <span class='ocrx_word' id='word_1_151' title='bbox 507 2655 707 2722; x_wconf 86' lang='lat' dir='ltr'>Comentariis</span> <span class='ocrx_word' id='word_1_152' title='bbox 727 2657 852 2722; x_wconf 86' lang='lat' dir='ltr'>tradidit</span> <span class='ocrx_word' id='word_1_153' title='bbox 866 2660 901 2743; x_wconf 65' lang='grc' dir='ltr'>Β).</span> <span class='ocrx_word' id='word_1_154' title='bbox 948 2659 1107 2746; x_wconf 80' lang='lat' dir='ltr'>Appianas</span> <span class='ocrx_word' id='word_1_155' title='bbox 1126 2683 1195 2727; x_wconf 89' lang='lat' dir='ltr'>vero</span> <span class='ocrx_word' id='word_1_156' title='bbox 1215 2662 1319 2729; x_wconf 82' lang='lat' dir='ltr'>(laesa-</span> 
     </span>
     <span class='ocr_line' id='line_1_20' title="bbox 200 2775 1334 2856; baseline 0.001 -13"><span class='ocrx_word' id='word_1_157' title='bbox 200 2778 298 2843; x_wconf 91' lang='lat' dir='ltr'>rianos</span> <span class='ocrx_word' id='word_1_158' title='bbox 325 2776 469 2841; x_wconf 88' lang='lat' dir='ltr'>ducentos</span> <span class='ocrx_word' id='word_1_159' title='bbox 493 2775 657 2856; x_wconf 89' lang='lat' dir='ltr'>occidisse,</span> <span class='ocrx_word' id='word_1_160' title='bbox 681 2776 734 2840; x_wconf 88' lang='lat' dir='ltr'>sed</span> <span class='ocrx_word' id='word_1_161' title='bbox 757 2777 923 2842; x_wconf 88' lang='lat' dir='ltr'>secundum</span> <span class='ocrx_word' id='word_1_162' title='bbox 947 2777 1019 2842; x_wconf 90' lang='lat' dir='ltr'>alios</span> <span class='ocrx_word' id='word_1_163' title='bbox 1043 2779 1202 2845; x_wconf 89' lang='lat' dir='ltr'>duodecim</span> <span class='ocrx_word' id='word_1_164' title='bbox 1224 2782 1334 2847; x_wconf 84' lang='lat' dir='ltr'>millia.</span> 
     </span>
     <span class='ocr_line' id='line_1_21' title="bbox 198 2895 1317 2982; baseline 0.004 -20"><span class='ocrx_word' id='word_1_165' title='bbox 198 2896 372 2962; x_wconf 87' lang='lat' dir='ltr'>interfectos</span> <span class='ocrx_word' id='word_1_166' title='bbox 405 2917 468 2961; x_wconf 88' lang='lat' dir='ltr'>esso</span> <span class='ocrx_word' id='word_1_167' title='bbox 495 2895 609 2962; x_wconf 90' lang='lat' dir='ltr'>scribit.</span> <span class='ocrx_word' id='word_1_168' title='bbox 656 2895 768 2961; x_wconf 86' lang='lat' dir='ltr'>Addit:</span> <span class='ocrx_word' id='word_1_169' title='bbox 802 2899 882 2976; x_wconf 60' lang='lat' dir='ltr'>,sacia</span> <span class='ocrx_word' id='word_1_170' title='bbox 906 2922 945 2975; x_wconf 75' lang='grc' dir='ltr'>γε</span> <span class='ocrx_word' id='word_1_171' title='bbox 973 2900 1119 2980; x_wconf 75' lang='grc' dir='ltr'>Ἰταλῶν,</span> <span class='ocrx_word' id='word_1_172' title='bbox 1143 2901 1175 2964; x_wconf 82' lang='grc' dir='ltr'>οὐ</span> <span class='ocrx_word' id='word_1_173' title='bbox 1198 2900 1260 2982; x_wconf 70' lang='grc' dir='ltr'>γὰρ</span> <span class='ocrx_word' id='word_1_174' title='bbox 1283 2902 1317 2977; x_wconf 65' lang='grc' dir='ltr'>δὴ</span> 
     </span>
     <span class='ocr_line' id='line_1_22' title="bbox 199 3013 1315 3098; baseline 0.005 -17"><span class='ocrx_word' id='word_1_175' title='bbox 199 3017 258 3081; x_wconf 76' lang='grc' dir='ltr'>τῶν</span> <span class='ocrx_word' id='word_1_176' title='bbox 288 3039 327 3093; x_wconf 71' lang='grc' dir='ltr'>γε</span> <span class='ocrx_word' id='word_1_177' title='bbox 356 3013 537 3095; x_wconf 64' lang='grc' dir='ltr'>συμμάχων</span> <span class='ocrx_word' id='word_1_178' title='bbox 557 3015 617 3080; x_wconf 81' lang='grc' dir='ltr'>οὐδ’</span> <span class='ocrx_word' id='word_1_179' title='bbox 637 3014 833 3097; x_wconf 66' lang='grc' dir='ltr'>ἐξαρίθμησις</span> <span class='ocrx_word' id='word_1_180' title='bbox 859 3016 999 3098; x_wconf 69' lang='grc' dir='ltr'>ἐγένετο,</span> <span class='ocrx_word' id='word_1_181' title='bbox 1025 3019 1082 3083; x_wconf 81' lang='grc' dir='ltr'>ὑπὸ</span> <span class='ocrx_word' id='word_1_182' title='bbox 1108 3018 1241 3095; x_wconf 76' lang='grc' dir='ltr'><em>πλήθους</em></span> <span class='ocrx_word' id='word_1_183' title='bbox 1264 3024 1315 3087; x_wconf 81' lang='lat' dir='ltr'>aci</span> 
     </span>
     <span class='ocr_line' id='line_1_23' title="bbox 200 3132 1319 3224; baseline 0.005 -23"><span class='ocrx_word' id='word_1_184' title='bbox 200 3132 493 3218; x_wconf 53' lang='lat' dir='ltr'>aarcdpcvn&#39;oeoc’fl</span> <span class='ocrx_word' id='word_1_185' title='bbox 524 3134 622 3200; x_wconf 92' lang='lat' dir='ltr'>Pollio</span> <span class='ocrx_word' id='word_1_186' title='bbox 643 3135 727 3200; x_wconf 89' lang='lat' dir='ltr'>testis</span> <span class='ocrx_word' id='word_1_187' title='bbox 745 3141 791 3201; x_wconf 90' lang='lat' dir='ltr'>est</span> <span class='ocrx_word' id='word_1_188' title='bbox 802 3158 944 3221; x_wconf 87' lang='lat' dir='ltr'>magnum</span> <span class='ocrx_word' id='word_1_189' title='bbox 958 3160 1077 3224; x_wconf 89' lang='lat' dir='ltr'>qnoque</span> <span class='ocrx_word' id='word_1_190' title='bbox 1088 3161 1248 3205; x_wconf 91' lang='lat' dir='ltr'>numerum</span> <span class='ocrx_word' id='word_1_191' title='bbox 1260 3165 1319 3208; x_wconf 90' lang='lat' dir='ltr'>ser·</span> 
     </span>
     <span class='ocr_line' id='line_1_24' title="bbox 201 3229 1386 3345; baseline 0.007 -26"><span class='ocrx_word' id='word_1_192' title='bbox 201 3279 310 3321; x_wconf 84' lang='lat' dir='ltr'>vorum</span> <span class='ocrx_word' id='word_1_193' title='bbox 330 3255 459 3320; x_wconf 87' lang='lat' dir='ltr'>tentoria</span> <span class='ocrx_word' id='word_1_194' title='bbox 477 3254 713 3321; x_wconf 90' lang='lat' dir='ltr'>custodientium</span> <span class='ocrx_word' id='word_1_195' title='bbox 732 3254 865 3322; x_wconf 87' lang='lat' dir='ltr'>Caesaris</span> <span class='ocrx_word' id='word_1_196' title='bbox 883 3257 1146 3340; x_wconf 85' lang='lat' dir='ltr'>esseinterfcctos,</span> <span class='ocrx_word' id='word_1_197' title='bbox 1159 3261 1240 3345; x_wconf 87' lang='lat' dir='ltr'>quod</span> <span class='ocrx_word' id='word_1_198' title='bbox 1257 3229 1323 3327; x_wconf 25' lang='lat' dir='ltr'>iam!</span> <span class='ocrx_word' id='word_1_199' title='bbox 1384 3303 1386 3307; x_wconf 94' lang='lat'>-</span> 
     </span>
    </p>
   </div>
   <div class='ocr_carea' id='block_1_3' title="bbox 200 3373 1317 3467">
    <p class='ocr_par' dir='ltr' id='par_1_4' title="bbox 200 3373 1317 3467">
     <span class='ocr_line' id='line_1_25' title="bbox 200 3373 1317 3467; baseline 0.005 -27"><span class='ocrx_word' id='word_1_200' title='bbox 200 3399 289 3463; x_wconf 89' lang='lat' dir='ltr'>supra</span> <span class='ocrx_word' id='word_1_201' title='bbox 320 3373 453 3439; x_wconf 92' lang='lat' dir='ltr'>vidimus</span> <span class='ocrx_word' id='word_1_202' title='bbox 486 3398 503 3439; x_wconf 89' lang='lat' dir='ltr'>a</span> <span class='ocrx_word' id='word_1_203' title='bbox 532 3373 657 3446; x_wconf 87' lang='lat' dir='ltr'>Lucano</span> <span class='ocrx_word' id='word_1_204' title='bbox 680 3398 740 3440; x_wconf 91' lang='lat' dir='ltr'>non</span> <span class='ocrx_word' id='word_1_205' title='bbox 758 3383 956 3442; x_wconf 90' lang='lat' dir='ltr'>memoratum</span> <span class='ocrx_word' id='word_1_206' title='bbox 976 3401 1050 3445; x_wconf 87' lang='lat' dir='ltr'>esse.</span> <span class='ocrx_word' id='word_1_207' title='bbox 1097 3378 1205 3446; x_wconf 89' lang='lat' dir='ltr'>Caesar</span> <span class='ocrx_word' id='word_1_208' title='bbox 1222 3379 1317 3467; x_wconf 87' lang='lat' dir='ltr'>igitur</span> 
     </span>
    </p>
   </div>
   <div class='ocr_carea' id='block_1_4' title="bbox 200 3494 1318 3941">
    <p class='ocr_par' dir='ltr' id='par_1_5' title="bbox 200 3494 1318 3941">
     <span class='ocr_line' id='line_1_26' title="bbox 200 3494 1317 3596; baseline 0.005 -36"><span class='ocrx_word' id='word_1_209' title='bbox 200 3501 316 3582; x_wconf 87' lang='lat' dir='ltr'>praeter</span> <span class='ocrx_word' id='word_1_210' title='bbox 339 3494 452 3560; x_wconf 87' lang='lat' dir='ltr'>milites</span> <span class='ocrx_word' id='word_1_211' title='bbox 472 3494 562 3560; x_wconf 91' lang='lat' dir='ltr'>etiam</span> <span class='ocrx_word' id='word_1_212' title='bbox 585 3517 686 3561; x_wconf 85' lang='lat' dir='ltr'>servos</span> <span class='ocrx_word' id='word_1_213' title='bbox 709 3496 834 3561; x_wconf 86' lang='lat' dir='ltr'>fortasse</span> <span class='ocrx_word' id='word_1_214' title='bbox 853 3496 982 3585; x_wconf 88' lang='lat' dir='ltr'>intelligi</span> <span class='ocrx_word' id='word_1_215' title='bbox 1002 3499 1114 3596; x_wconf 82' lang='lat' dir='ltr'>voluit,</span> <span class='ocrx_word' id='word_1_216' title='bbox 1137 3499 1192 3564; x_wconf 91' lang='lat' dir='ltr'>nbi</span> <span class='ocrx_word' id='word_1_217' title='bbox 1212 3499 1317 3566; x_wconf 90' lang='lat' dir='ltr'>scribit</span> 
     </span>
     <span class='ocr_line' id='line_1_27' title="bbox 201 3612 1318 3704; baseline 0.006 -26"><span class='ocrx_word' id='word_1_218' title='bbox 201 3614 382 3701; x_wconf 90' lang='lat' dir='ltr'>Pompeium</span> <span class='ocrx_word' id='word_1_219' title='bbox 401 3612 461 3679; x_wconf 88' lang='lat' dir='ltr'>XV</span> <span class='ocrx_word' id='word_1_220' title='bbox 480 3613 574 3678; x_wconf 91' lang='lat' dir='ltr'>millia</span> <span class='ocrx_word' id='word_1_221' title='bbox 594 3615 728 3680; x_wconf 90' lang='lat' dir='ltr'>amisisse</span> <span class='ocrx_word' id='word_1_222' title='bbox 747 3638 846 3701; x_wconf 90' lang='lat' dir='ltr'>neque</span> <span class='ocrx_word' id='word_1_223' title='bbox 865 3616 959 3702; x_wconf 84' lang='lat' dir='ltr'>igitur</span> <span class='ocrx_word' id='word_1_224' title='bbox 979 3623 1133 3704; x_wconf 88' lang='lat' dir='ltr'>tantopere</span> <span class='ocrx_word' id='word_1_225' title='bbox 1149 3641 1166 3682; x_wconf 90' lang='lat' dir='ltr'>a</span> <span class='ocrx_word' id='word_1_226' title='bbox 1181 3618 1318 3686; x_wconf 92' lang='lat' dir='ltr'>Pollione</span> 
     </span>
     <span class='ocr_line' id='line_1_28' title="bbox 201 3735 1315 3825; baseline 0.004 -25"><span class='ocrx_word' id='word_1_227' title='bbox 201 3735 363 3822; x_wconf 86' lang='lat' dir='ltr'>discrepat,</span> <span class='ocrx_word' id='word_1_228' title='bbox 395 3739 545 3818; x_wconf 89' lang='lat' dir='ltr'>quantum</span> <span class='ocrx_word' id='word_1_229' title='bbox 575 3755 735 3800; x_wconf 90' lang='lat' dir='ltr'>numerum</span> <span class='ocrx_word' id='word_1_230' title='bbox 756 3737 846 3822; x_wconf 71' lang='lat' dir='ltr'>‘apud</span> <span class='ocrx_word' id='word_1_231' title='bbox 875 3758 945 3802; x_wconf 91' lang='lat' dir='ltr'>eum</span> <span class='ocrx_word' id='word_1_232' title='bbox 972 3743 1169 3803; x_wconf 90' lang='lat' dir='ltr'>memoratum</span> <span class='ocrx_word' id='word_1_233' title='bbox 1198 3739 1315 3825; x_wconf 90' lang='lat' dir='ltr'>legens,</span> 
     </span>
     <span class='ocr_line' id='line_1_29' title="bbox 200 3854 666 3941; baseline 0.006 -23"><span class='ocrx_word' id='word_1_234' title='bbox 200 3854 298 3941; x_wconf 84' lang='lat' dir='ltr'>primo</span> <span class='ocrx_word' id='word_1_235' title='bbox 322 3859 447 3940; x_wconf 89' lang='lat' dir='ltr'>aspectu</span> <span class='ocrx_word' id='word_1_236' title='bbox 469 3854 666 3921; x_wconf 88' lang='lat' dir='ltr'>arbitrareris.</span> 
     </span>
    </p>
   </div>
   <div class='ocr_carea' id='block_1_5' title="bbox 234 4133 655 4294">
    <p class='ocr_par' dir='ltr' id='par_1_6' title="bbox 234 4133 655 4294">
     <span class='ocr_line' id='line_1_30' title="bbox 235 4133 655 4204; baseline 0.007 -15"><span class='ocrx_word' id='word_1_237' title='bbox 235 4135 255 4204; x_wconf 85' lang='lat' dir='ltr'>l)</span> <span class='ocrx_word' id='word_1_238' title='bbox 273 4133 397 4192; x_wconf 86' lang='lat' dir='ltr'>Momms.</span> <span class='ocrx_word' id='word_1_239' title='bbox 418 4134 451 4190; x_wconf 82' lang='lat' dir='ltr'>B..</span> <span class='ocrx_word' id='word_1_240' title='bbox 471 4135 502 4192; x_wconf 86' lang='lat' dir='ltr'>G.</span> <span class='ocrx_word' id='word_1_241' title='bbox 522 4135 576 4192; x_wconf 87' lang='lat' dir='ltr'>III.</span> <span class='ocrx_word' id='word_1_242' title='bbox 595 4137 655 4193; x_wconf 74' lang='lat'>426.</span> 
     </span>
     <span class='ocr_line' id='line_1_31' title="bbox 234 4221 463 4294; baseline 0.004 -18"><span class='ocrx_word' id='word_1_243' title='bbox 234 4221 254 4292; x_wconf 73' lang='grc'>2)</span> <span class='ocrx_word' id='word_1_244' title='bbox 274 4223 343 4294; x_wconf 82' lang='lat' dir='ltr'>App.</span> <span class='ocrx_word' id='word_1_245' title='bbox 362 4221 402 4279; x_wconf 90' lang='lat' dir='ltr'>II.</span> <span class='ocrx_word' id='word_1_246' title='bbox 422 4223 463 4277; x_wconf 73' lang='lat'>82.</span> 
     </span>
    </p>
   </div>
   <div class='ocr_carea' id='block_1_6' title="bbox 0 0 1659 5138">
    <p class='ocr_par' dir='ltr' id='par_1_7' title="bbox 0 0 1659 5138">
     <span class='ocr_line' id='line_1_32' title="bbox 0 0 1659 5138; baseline 0 0"><span class='ocrx_word' id='word_1_247' title='bbox 0 0 1659 5138; x_wconf 95' lang='lat' dir='ltr'> </span> 
     </span>
    </p>
   </div>
  </div>
 </body>
</html>
