3308 5138
726 397 786 460 105

197 603 282 668 nulla
310 601 421 668 iniuria
449 601 494 666 illi
531 601 693 688 praestanti
728 603 794 668 viro
828 601 921 669 illata.
975 604 1048 668 Non
1082 600 1162 668 enim'
1195 601 1314 670 Siculus

197 721 295 808 pirata
326 723 434 790 Sextus
469 719 636 787 maritimos
669 721 839 809 triumphos
872 721 968 809 patris
1006 721 1094 788 rebus
1125 723 1187 788 suis
1221 723 1314 810 gestis

197 842 314 930 polluit.

240 961 300 1026 Per
329 967 482 1028 mortuum
508 961 734 1028 reviviscentem
759 961 1151 1048 111111111111111111111
1181 961 1313 1028 virorum

197 1103 385 1168 magnorum,
410 1080 462 1166 qui
474 1081 506 1147 in
518 1081 597 1146 Orco
609 1080 750 1146 iniuriam
762 1081 851 1146 hodie
863 1086 1061 1168 perpetratam
1080 1084 1231 1146 maerent:
1255 1103 1316 1146 ace·

195 1200 279 1266 lereti
304 1206 405 1266 autem
423 1201 554 1288 gaudent
574 1200 720 1282 Catilina,
740 1200 874 1282 Marius,
893 1199 1063 1287 Cethegns3
1083 1199 1212 1266 Gracchi
1224 1199 1316 1265 etiam

196 1328 227 1388 et
260 1321 396 1402 Drusus,
431 1344 507 1406 quos
536 1343 640 1387 omnes
669 1325 774 1408 potita,
808 1321 839 1386 di
869 1320 1008 1385 meliorat
1041 1319 1145 1384 eadem
1175 1341 1316 1384 mensura

195 1441 329 1507 metitur.
374 1441 433 1506 Per
468 1441 525 1507 hoc
557 1441 656 1528 ipsum
689 1439 841 1506 iudicium
873 1440 1037 1523 Erichthus
1071 1446 1179 1505 caucia
1213 1439 1316 1526 magni

195 1560 341 1626 momenti
375 1566 431 1628 111.
477 1560 600 1644 Quanto
629 1561 771 1641 brevius,
796 1566 970 1645 quantoque
1001 1582 1036 1625 eo
1067 1559 1133 1646 ipso
1162 1557 1317 1646 pulchrius

195 1679 334 1745 'tibullus
361 1679 534 1745 Thessalam
558 1680 655 1745 sidera
678 1678 714 1745 de
737 1679 820 1746 coelo
845 1679 1003 1744 ducentem
1028 1683 1119 1764 atque
1141 1677 1244 1744 futura
1267 1700 1315 1743 ca·

196 1804 316 1864 nentem
355 1799 492 1887 depinxit
515 1799 550 1885 1).
597 1800 720 1882 Quanto
767 1799 933 1886 elegantius
974 1799 1121 1865 Horatius
1160 1797 1317 1864 Canidiam

196 1919 341 1984 famosam
363 1920 525 1984 veneficam
548 1918 706 2005 descripsit
733 1921 759 2004 ⁹)
771 1946 780 1999 ;
812 1918 969 1984 Canidiam
1001 1918 1099 1984 crines
1130 1917 1316 2004 implicatam

195 2037 339 2104 brevibus
361 2037 489 2124 viperis,
512 2039 687 2104 miscentem
710 2038 834 2116 herbae,
858 2060 933 2124 quas
956 2037 1054 2102 Iolcos
1076 2042 1166 2123 atque
1189 2034 1316 2102 Hiberia

194 2157 280 2222 ferax·
305 2179 488 2222 venenorum
512 2157 609 2238 misit,
634 2163 664 2222 11
686 2157 849 2222 medullam
873 2156 977 2222 miseri
1000 2155 1085 2242 pueri
1109 2156 1316 2224 exsucenteml

193 2276 253 2342 Sed
284 2275 435 2362 copiosius
461 2275 630 2342 describens
661 2276 802 2342 Lucanus
834 2299 888 2342 suo
920 2282 950 2340 11
981 2274 1119 2341 omnium
1147 2275 1316 2360 aequalium

194 2395 295 2461 studio
317 2395 445 2460 indulsit
463 2395 663 2460 minutissime
680 2402 711 2460 et
729 2394 923 2461 subtilissime
943 2417 989 2460 res
1004 2393 1196 2481 depingendi.
1227 2394 1326 2476 ,Que'

196 2515 232 2578 de
258 2512 365 2579 details
384 2513 563 2578 inutiles-
583 2513 659 2578 dicit
679 2513 793 2580 Nisard
811 2513 890 2578 -h
913 2535 1023 2601 propos
1046 2511 1137 2578 d'une
1166 2511 1256 2578 chose
1279 2511 1317 2578 de

196 2630 320 2698 detail?
367 2635 409 2700 At
440 2633 578 2699 omnibus
607 2633 689 2700 illius
720 2633 826 2699 aetatis
849 2633 945 2720 politis
969 2632 1124 2720 proprium
1147 2637 1226 2712 erat,
1250 2655 1315 2696 eru·

195 2751 340 2816 ditionem
369 2751 425 2817 hac
455 2751 571 2816 ratione
600 2775 670 2839 prae
700 2775 731 2817 se
758 2753 833 2818 ferre
856 2758 902 2832 et,
940 2758 975 2817 ut
1004 2752 1115 2816 iterum
1137 2750 1250 2816 Nisard
1272 2750 1314 2814 lo-

195 2875 336 2955 quentem
369 2871 548 2936 inducamus
571 2873 613 2957 ³):
647 2870 821 2937 l’erudition
856 2869 931 2936 11111
965 2895 1092 2958 presque
1121 2882 1210 2936 naive
1240 2870 1313 2935 dans

194 2989 325 3070 Lucain,
353 2990 408 3056 elle
430 2992 480 3058 fut
501 2992 629 3078 pedante
652 2999 682 3058 11
700 2989 905 3079 ’111111111111
928 2991 1001 3056 daus
1024 2990 1134 3071 Silius,
1159 2990 1232 3055 dans
1254 2989 1312 3054 Va·

194 3109 283 3175 le‘rius
306 3109 449 3191 Flaccus,
473 3115 504 3176 et
526 3117 645 3176 surtout
674 3111 749 3176 dans
779 3110 876 3176 Stace.
922 3109 966 3174 Or
986 3111 1076 3196 jugen
1099 3133 1132 3176 ce
1155 3131 1215 3196 que
1238 3107 1312 3174 c'est

195 3227 289 3314 qu’un
316 3230 392 3315 goat
417 3227 485 3316 ddja
504 3231 740 3318 anti-poetique,
764 3230 864 3316 quand
887 3229 909 3294 il
932 3236 978 3295 est
999 3227 1107 3322 poussd
1130 3229 1148 3295 1
1169 3227 1309 3295 1’11111.”

207 3895 474 3910 -ιι-ηῆ

225 4039 245 4109 ²)
264 4037 321 4093 Tib.
340 4037 363 4094 Ι.
383 4040 407 4094 1.
427 4040 469 4094 41.
488 4057 558 4112 seqq.

226 4125 247 4195 ³)
265 4124 331 4180 Hor.
350 4123 433 4198 Epod.
452 4125 486 4182 V.

225 4210 246 4281 ¹)
264 4209 320 4268 ΙΙΙ,
339 4227 382 4283 pg.
401 4212 443 4268 68.
